jellycatsizeid,jellycatid,jellycatname,size,height,width,price,stock,datecreated
45b21e4d-af20-4e8e-adc6-bba20431f032,22816326-fae2-44b1-8695-37606890a693,Bashful Luxe Bunny Azure,HUGE,20.0,8.0,85.0,In Stock,2024-01-07 18:41:28
4790e2c6-85cf-462f-a17d-a7be6c1a9d45,22816326-fae2-44b1-8695-37606890a693,Bashful Luxe Bunny Azure,MEDIUM,12.0,5.0,35.0,In Stock,2024-01-07 18:41:28
0fcecc8c-835b-40e3-886b-8cd7c7879c10,07eb2d66-f853-4948-928e-76b56e748ea2,All Kinds of Cats Book,ONE SIZE,9.0,7.0,15.0,In Stock,2024-01-07 18:41:29
05e68a49-ce04-4693-94fd-101ef32c8e24,31015445-e0cc-41a2-88ba-491eab250459,Fergus Frog,ONE SIZE,13.0,4.0,50.0,In Stock,2024-01-07 18:41:31
50814514-c6e2-4a9d-90e4-46f6bc93da88,a31ab873-026a-498e-95f2-61183fb97abc,Jellycat Head Giant,ONE SIZE,22.0,24.0,220.0,In Stock,2024-01-07 18:41:33
6d02c021-748b-405d-93c1-b1b5603313e8,7f428935-3368-4521-b443-00ea56b3ab9e,Jellycat Jack,REALLY BIG,26.0,9.0,165.0,In Stock,2024-01-07 18:41:35
528d81eb-8e4c-4974-a38b-f702bd2db9b6,7f428935-3368-4521-b443-00ea56b3ab9e,Jellycat Jack,HUGE,19.0,6.0,110.0,In Stock,2024-01-07 18:41:35
bf482921-c254-475b-9042-1db83ccf115f,7f428935-3368-4521-b443-00ea56b3ab9e,Jellycat Jack,MEDIUM,13.0,4.0,45.0,Returning to stock next week,2024-01-07 18:41:35
a0c54764-8543-4083-9d67-ab9d335b9e3d,190d3ec8-9934-4244-8e02-2976ccc991d7,Jellycat Bag Charm,ONE SIZE,5.0,4.0,28.0,In Stock,2024-01-07 18:41:37
94565661-4409-4e8a-b61b-d9822b645e05,c3271d4a-fa34-41c4-9434-f5ae0da5167c,Jellycat Bag,ONE SIZE,6.0,9.0,45.0,In Stock,2024-01-07 18:41:39
39c7bf66-fd74-4e20-ba84-3b7f8cf9ec6c,08a1740a-53c3-421e-814b-6a2d5bfa8cd3,Junglie Monkey,MEDIUM,18.0,7.0,55.0,In Stock,2024-01-07 18:41:41
179ec581-3f66-451f-b799-7c70ace06929,ce507706-442e-4cf7-9f71-766063c8ef75,Truffles Sheep,LARGE,9.0,25.0,110.0,In Stock,2024-01-07 18:41:43
3b521286-8668-4b3d-aa22-c721d158cdb6,0fe12504-f31c-443d-a962-995d2171abf1,Golden Dragon,HUGE,7.0,26.0,120.0,In Stock,2024-01-07 18:41:45
bd253319-9fca-4ebb-88b4-eb11d2e3fb28,0fe12504-f31c-443d-a962-995d2171abf1,Golden Dragon,LARGE,5.0,20.0,65.0,In Stock,2024-01-07 18:41:45
e7f6b9a2-e45c-44b9-9eb9-2a04a53c3d1c,0fe12504-f31c-443d-a962-995d2171abf1,Golden Dragon,LITTLE,3.0,12.0,32.5,In Stock,2024-01-07 18:41:45
128fd02c-3b05-4644-aaa3-65bcbf29028d,bd9635ed-f700-40af-bf35-39a68ba5656c,Golden Dragon Bag Charm,ONE SIZE,5.0,9.0,28.0,In Stock,2024-01-07 18:41:47
33264d21-746a-48c1-9529-78b2b9dfd7b8,3999f7ff-ee70-44aa-b076-42c9ac0a30ed,Lavender Dragon Bag Charm,ONE SIZE,5.0,9.0,28.0,In Stock,2024-01-07 18:41:49
90aba6b6-8c41-490a-bc8c-027d0bd572e1,72b7239b-a364-4cd5-9194-f27a43542102,Little Dragon Bag Charm,ONE SIZE,7.0,2.0,23.0,In Stock,2024-01-07 18:41:50
36958249-8b77-4c3c-8a09-9774f37cecd0,c959e1b8-510c-4db0-aead-87f5ef6cfd18,Rose Dragon Bag Charm,ONE SIZE,5.0,9.0,28.0,In Stock,2024-01-07 18:41:52
dcaa71fe-4001-4bf2-bcda-15a43de895de,8f8d417a-6196-497b-a247-b0f67114fb2c,Snow Dragon Bag Charm,ONE SIZE,5.0,9.0,28.0,In Stock,2024-01-07 18:41:53
ccd58a95-a5b1-4604-b3fe-428324591b81,e6be0e35-8b3e-43aa-950e-1885530d6c5b,Aimee Sheep,ONE SIZE,8.0,9.0,40.0,In Stock,2024-01-07 18:41:55
39a80625-22c8-4801-b64a-0fc821911bb7,958c1733-e8e9-4723-a2a3-0c1965835414,Bashful Red Love Heart Bunny,MEDIUM,12.0,5.0,32.0,In Stock,2024-01-07 18:41:57
5ad7e766-db8d-4f29-989c-acf57822b534,958c1733-e8e9-4723-a2a3-0c1965835414,Bashful Red Love Heart Bunny,SMALL,7.0,4.0,25.0,In Stock,2024-01-07 18:41:57
6e3ebff9-b718-419c-9ea9-95b8bf60d71c,6ccdb3ba-4c42-4bb6-b15e-685975e78113,Fabian Frog Prince,ONE SIZE,9.0,8.0,40.0,In Stock,2024-01-07 18:41:58
574c8018-81b6-4a40-b74d-ecbe228eec76,064193ad-2983-47a0-940e-8b14f71a812d,Loulou Love Bug,ONE SIZE,2.0,5.0,20.0,In Stock,2024-01-07 18:42:00
308a292e-4465-403b-9f6b-e09e07a967f8,b063c2a8-44f0-4626-a552-6a0f73bfcc63,Amore Bunny,MEDIUM,10.0,7.0,40.0,In Stock,2024-01-07 18:42:02
dc7bb04a-b844-4a78-a9e3-535fc965db2e,b09dfa48-c94d-48bc-a18b-3779a4a0e360,Bibbly Bobbly Sheep,ONE SIZE,14.0,9.0,55.0,In Stock,2024-01-07 18:42:04
78b2c525-ce84-4390-bce5-97613bf6668b,b9bdd743-c78d-484e-9184-ef409696de96,Brynlee Bee,ONE SIZE,5.0,6.0,28.0,In Stock,2024-01-07 18:42:05
b5d75b6f-ef05-4bcf-9d25-5c6764a0d5d8,438416e2-976d-4b0d-8c25-21ebd3ebfc53,Bartholomew Bear Bathrobe,MEDIUM,10.0,5.0,45.0,In Stock,2024-01-07 18:42:07
83f85e36-3fe3-4d25-a23c-e0f1e4ef86c6,5cfe3067-d1ad-4bde-a665-d41d8275433e,Bashful Duckling,MEDIUM,12.0,5.0,28.0,In Stock,2024-01-07 18:42:09
3c44c878-5951-400d-b685-d49327e956fe,84bcc7b4-65a2-434a-8e48-66b963e8b2fe,Bashful Moss Bunny,MEDIUM,12.0,5.0,28.0,In Stock,2024-01-07 18:42:11
5bdc5545-d84f-44df-8fcd-58e2045ab10d,84bcc7b4-65a2-434a-8e48-66b963e8b2fe,Bashful Moss Bunny,SMALL,7.0,4.0,18.0,In Stock,2024-01-07 18:42:11
2d874953-f776-4cd5-be1a-eb56df5a9df2,8584cd9c-9462-4794-9b65-bc23c1357ace,Bashful Viola Bunny,MEDIUM,12.0,5.0,28.0,In Stock,2024-01-07 18:42:12
214fff12-8835-4dd2-8d72-9efde4ac6bbd,8584cd9c-9462-4794-9b65-bc23c1357ace,Bashful Viola Bunny,SMALL,7.0,4.0,18.0,In Stock,2024-01-07 18:42:12
d4786801-9974-419b-a079-40a8f8958803,da7c0ebe-20c0-4879-9832-237d72a1b3e1,Bashful Bunny with Carrot,SMALL,7.0,4.0,28.0,In Stock,2024-01-07 18:42:14
05d5a3f2-3d0b-4f52-ba4b-ad1086097e74,36f60234-e3f8-43a1-a1f8-f9596873694d,Bashful Bunny with Daffodil,SMALL,7.0,4.0,28.0,In Stock,2024-01-07 18:42:15
9db494b0-d708-4d52-ad25-bda2e21e5f60,7add5bbb-d7c4-4e71-b4cd-4adaa0dce1d1,Lottie Fairy Bunny Book,ONE SIZE,7.0,7.0,15.0,In Stock,2024-01-07 18:42:17
87e7f219-4ca4-4099-8e27-447fbfd17e45,74f46357-68ba-4157-bfb9-ac7418ec62fe,Blossom Cherry Bunny,MEDIUM,12.0,5.0,28.0,In Stock,2024-01-07 18:42:19
53709e21-c649-43a1-87f7-18bab5671c58,74f46357-68ba-4157-bfb9-ac7418ec62fe,Blossom Cherry Bunny,SMALL,7.0,4.0,18.0,In Stock,2024-01-07 18:42:19
3346a7b2-06a2-4aa0-ab9f-868fab1edec4,ce1f16b9-9953-4942-8135-acbe00b6ec0c,Dainty Dessert Bunny Macaron,ONE SIZE,5.0,5.0,28.0,In Stock,2024-01-07 18:42:20
24102c3b-0fcf-493d-bf70-be9d1b283d0d,ed927894-98ab-43cd-be3a-8e80a5f1889d,Lottie Bunny Fairy,ONE SIZE,11.0,3.0,32.5,In Stock,2024-01-07 18:42:22
3554ab8f-2c96-42a9-8745-bbe997975c7b,638cb420-b353-4cb2-aab7-fad54b57c8db,Messenger Bunny,ONE SIZE,7.0,5.0,32.5,In Stock,2024-01-07 18:42:24
84d617ec-cf98-4a01-87a6-9653ecb78fff,a5a368b5-f11a-4ca4-82ed-3489cecbdd16,Amore Corgi,MEDIUM,10.0,7.0,40.0,In Stock,2024-01-07 18:42:25
243630f0-524a-4c2c-aa41-0895c73f456b,e82d969b-8525-431c-8dd7-a718cc9d0f96,Bartholomew Bear Pumpkin,LARGE,14.0,8.0,50.0,In Stock,2024-01-07 18:42:27
5106d99b-cb1f-4250-93a5-0a94453ef0d3,59b5d646-0fe2-443a-9c67-c5dc10396313,Bashful Pegasus,MEDIUM,12.0,5.0,28.0,In Stock,2024-01-07 18:42:29
3cbb32a0-95dd-44eb-a243-fd0945dc7b56,457a2ca8-24c6-495e-af96-c6e0c0a0efec,If I Were an Owl Board Book,ONE SIZE,6.0,6.0,13.5,In Stock,2024-01-07 18:42:30
b72d7701-ecda-4386-954a-7996bf87492d,910f325b-0123-46a6-b842-24eb79e9e746,Betty Corgi Bag Charm,ONE SIZE,4.0,2.0,23.0,In Stock,2024-01-07 18:42:32
ea502db9-6ec3-4f87-b799-0e1c11d6f9c8,e5994d9a-fcbe-48ec-bb68-c51655ed686d,Rory Le Courageux Petit Lion Livre (The Very Brave Lion),ONE SIZE,9.0,9.0,15.0,In Stock,2024-01-07 18:42:34
7a0777af-2bc3-4233-8441-f1a75cadbb46,7849e6bd-30f9-4315-add2-1b974c62f433,Lapin Timide Et Ses Petites Aventures Livre (Little Me),ONE SIZE,8.0,8.0,15.0,In Stock,2024-01-07 18:42:36
f06572d4-78b0-4f4f-970b-2bb9d528a763,232cb13c-eeb3-4d69-8d57-b5fa63a25857,Lapin Timide Veille Sur Tes Nuits Livre (The Magic Bunny),ONE SIZE,7.0,7.0,15.0,In Stock,2024-01-07 18:42:37
8258236a-7376-4a6b-bb2f-fd6acf61b507,327dbde5-b1e8-47c4-8a42-679f6d531be5,Lapin Timide Veut Grandir Livre (When I Am Big),ONE SIZE,8.0,8.0,15.0,In Stock,2024-01-07 18:42:39
45a4f77a-57ec-42fd-aeac-e29abd9402d5,9e39c28e-92ca-4095-bbb6-27198330ee3a,Bodacious Beak Parrot,ONE SIZE,9.0,4.0,30.0,In Stock,2024-01-07 18:42:40
4c18683b-5682-46ca-9454-773e61194c1e,312cbf6e-7fb6-46e7-837c-28f17c13820b,Bodacious Beak Toucan,ONE SIZE,9.0,4.0,30.0,In Stock,2024-01-07 18:42:42
62964991-d48e-4ee3-947a-ad3db40e5b33,534d2048-12ed-4af1-8410-d9c9ce4a5df6,Bryno Dino,ONE SIZE,12.0,6.0,55.0,In Stock,2024-01-07 18:42:44
8f9ce092-45da-4013-bf8a-f770a5a69f72,398db7bd-d585-48af-a5ee-3205b76c7e46,Coquette Cutie Bunny,ONE SIZE,10.0,2.0,32.5,In Stock,2024-01-07 18:42:46
6424be04-5f7d-43b5-9f47-f013d526fb94,b251ce4c-0b5d-4d54-b4e2-93d3f1809797,Comfy Coat Bunny,ONE SIZE,7.0,3.0,25.0,In Stock,2024-01-07 18:42:47
81c888d0-6c4e-413e-9616-e14399f4b0a2,105dea96-97f9-42d8-9ff7-935d182e1c8c,Comfy Coat Mouse,ONE SIZE,7.0,3.0,25.0,In Stock,2024-01-07 18:42:49
44d3f80b-e625-4477-8c17-e9c51f04dd1f,c9473ecd-5dc2-44d8-8fc9-26c931205760,Cuddlebud Bernard Bunny,ONE SIZE,6.0,4.0,28.0,In Stock,2024-01-07 18:42:50
bdb18ba9-d7e7-460c-ba3f-62411b302451,d5f2d136-65a5-459b-9b9c-c1e7826aeb63,Cuddlebud Darcy Dormouse,ONE SIZE,6.0,4.0,28.0,In Stock,2024-01-07 18:42:52
ab98b16c-1a3a-48e5-9793-67c98f7adaa6,48e0bf39-633a-4100-ad23-dbc6a986fbbb,Cuddlebud Morgan Mole,ONE SIZE,6.0,4.0,28.0,In Stock,2024-01-07 18:42:54
1433529a-10c7-4bbe-9747-d4513bb3a3b1,68985cec-fe4d-4570-8328-ca92cbe307bc,Spooky Greta Gremlin,ONE SIZE,11.0,4.0,40.0,In Stock,2024-01-07 18:42:56
c5771cc3-3760-43cf-a835-bd1cf4ad98c0,e524356d-55c7-4a84-810a-d7de1823460d,Harvey Bear,ONE SIZE,11.0,25.0,150.0,In Stock,2024-01-07 18:42:57
61d20c30-4608-42eb-93a0-b67d20222475,997a3780-b0fb-4f00-9fb1-b6ebdbf4b4e3,Huddles Grey Elephant,ONE SIZE,10.0,6.0,45.0,In Stock,2024-01-07 18:42:59
a4264c21-8113-44a2-81b4-85477d6c16e6,160136a1-278b-4523-bc94-77aa4dc7ee9c,Isadora Unicorn,ONE SIZE,13.0,13.0,65.0,In Stock,2024-01-07 18:43:01
1c696eab-6aa8-4f9f-96e3-33bba4620178,78c00f2f-ff2f-47ed-9b01-4d3ada172780,Little Dragon,ONE SIZE,7.0,4.0,22.0,In Stock,2024-01-07 18:43:02
0901a016-f0f6-4ca5-9802-412b6c7f64aa,4b235d09-ffdd-42d0-be34-06cb96b03366,Lois Lionfish,ONE SIZE,6.0,10.0,35.0,In Stock,2024-01-07 18:43:04
2eaf6f93-4919-4a32-b8ca-0495787e2c8e,02d22a6c-22e6-4024-b663-35d59abbd497,Napping Nipper Westie,ONE SIZE,4.0,6.0,25.0,In Stock,2024-01-07 18:43:06
2215807a-e24b-4402-ab24-42175bea41fc,a15de7f5-2e3d-4b97-a4aa-97be9a1cb7f0,Otto Sausage Dog Bag Charm,ONE SIZE,4.0,2.0,23.0,In Stock,2024-01-07 18:43:07
8d15a072-465f-4573-ac84-fc6672fd5a1f,0ad5fa13-9e5a-40f9-8ead-e07c309940f4,Ricky Rain Frog Bag,ONE SIZE,7.0,7.0,40.0,In Stock,2024-01-07 18:43:09
617b9de8-4298-4650-a2c9-d63fe9d32d19,45d02e06-128b-44bc-aed8-2a36e3ac2f9f,Stellan Sabre Tooth Tiger,ONE SIZE,19.0,7.0,75.0,In Stock,2024-01-07 18:43:10
197de98d-1d01-4ec6-a27d-e4168c7a7ff0,ca2d95da-1878-4f46-8102-8622c06941d0,Sweater French Bulldog Purple,ONE SIZE,7.0,7.0,32.5,In Stock,2024-01-07 18:43:12
8ea0f44f-1a63-4c28-83be-344050644536,bf4120ff-c82b-4e0b-bdbc-817224a48cc5,Bashful Snow Tiger Soother,ONE SIZE,13.0,13.0,25.0,In Stock,2024-01-07 18:43:13
597635c4-244c-4af5-a079-a7fbe2d2878c,5b539f39-a4fe-40cb-94ca-384637510831,Spindleshanks Spider,SMALL,3.0,14.0,27.5,In Stock,2024-01-07 18:43:15
5d5b21e9-cb5d-4a3a-a621-024e2936cc62,f74c084f-c754-4c51-8559-4dfec518063d,Stanley Stick Insect,ONE SIZE,3.0,11.0,28.0,In Stock,2024-01-07 18:43:17
b88b9002-0a46-4ace-a5d8-3c227805dfc2,6f038f03-dceb-40e3-b594-dde420023e87,Timmy Turtle,ONE SIZE,11.0,8.0,40.0,In Stock,2024-01-07 18:43:18
aac86ebd-00fb-4b3d-81ce-e6d849c00112,77ea0fe0-618e-4df8-8e51-e15dd2f8d552,Viggo Mammoth,ONE SIZE,19.0,7.0,75.0,In Stock,2024-01-07 18:43:20
be01638b-b96c-4d2a-af03-0fe9a1fa4fd9,0e3c2c55-2ea9-494b-bc65-6c8a670d1d3d,Maya Octopus,REALLY BIG,30.0,12.0,130.0,In Stock,2024-01-07 18:43:22
d14a4c17-2402-497d-9cfc-9612836351b2,0e3c2c55-2ea9-494b-bc65-6c8a670d1d3d,Maya Octopus,LARGE,19.0,7.0,53.0,In Stock,2024-01-07 18:43:22
406726c4-17ca-4541-930a-b99a52a7a862,0e3c2c55-2ea9-494b-bc65-6c8a670d1d3d,Maya Octopus,LITTLE,9.0,4.0,30.0,Returning to stock 3-4 weeks,2024-01-07 18:43:22
2de16f31-3c2a-4e03-88ab-e5bc15374f53,0e3c2c55-2ea9-494b-bc65-6c8a670d1d3d,Maya Octopus,TINY,6.0,3.0,18.0,Returning to stock 3-4 weeks,2024-01-07 18:43:22
83a7635c-cd11-42e9-b847-4247976ac043,8eec7c7c-e42b-4401-9fc3-afa4bd5efc1d,Albert Jack Russell,ONE SIZE,7.0,6.0,30.0,In Stock,2024-01-07 18:43:24
1fab06d6-00e0-472b-af61-c2020294159f,efdd6cea-2f2b-42e1-82b8-b234e8ce77bf,Birdling Hummingbird,ONE SIZE,4.0,2.0,17.0,In Stock,2024-01-07 18:43:26
29464442-2dfc-4752-8cff-d16d36e91846,b795c9e9-610d-44a4-a6e5-11bcff30769f,Bartholomew Bear Bedtime,MEDIUM,10.0,5.0,30.0,In Stock,2024-01-07 18:43:27
ada1a6e5-71b8-4d5c-8034-122aac02c11b,c746483b-7ad5-4f85-b131-20a4265b62cf,Bashful Christmas Bunny,MEDIUM,12.0,5.0,27.5,In Stock,2024-01-07 18:43:29
f572d94f-0edf-4623-8d44-85e323954647,941b17e9-f801-408b-ac17-1a241d1e395b,Bashful Luxe Bunny Luna,HUGE,20.0,8.0,85.0,In Stock,2024-01-07 18:43:31
db8288f3-3dd8-400f-ac7b-0518ed6c6b4b,941b17e9-f801-408b-ac17-1a241d1e395b,Bashful Luxe Bunny Luna,MEDIUM,12.0,5.0,35.0,In Stock,2024-01-07 18:43:31
75d2732b-ea5e-43ce-9bc5-a4e56bfa780e,2e602519-e8f1-427d-abbf-96e78a87e341,Bashful Christmas Bunny Decoration,TINY,5.0,2.0,15.0,In Stock,2024-01-07 18:43:32
467990dd-a8e3-4160-bb1d-4b327eb13c79,72d39a31-6de2-4f9d-8d92-5b6f9c522b09,Merry Mouse Book,ONE SIZE,7.0,7.0,15.0,In Stock,2024-01-07 18:43:34
e82ab717-f951-4a63-992c-f0dbdb2976c9,7751a6fc-829a-42e7-8b94-d8f8d06b11cd,Otto’s Snowy Christmas Book,ONE SIZE,7.0,9.0,15.0,In Stock,2024-01-07 18:43:35
093a95f3-8824-4502-98bf-3e64ed066c28,6e9faff1-1be3-4df2-b168-6098f4e2ca17,The Playful Polar Bears Book,ONE SIZE,8.0,8.0,15.0,In Stock,2024-01-07 18:43:37
a010518b-7136-46d6-a35d-1326f7dd90e4,0ac300a8-8f78-463f-b060-503fe972abad,Mitzi Reindeer’s Dream Book,ONE SIZE,8.0,8.0,15.0,In Stock,2024-01-07 18:43:39
7793fad5-c24b-421a-b82e-77fea6fad8fb,afa774e7-9f03-4d4d-ad46-d520e5e00b50,Festive Folly Penguin,ONE SIZE,4.0,2.0,12.5,In Stock,2024-01-07 18:43:41
0ae50a6a-60b6-4ca1-bead-99d29c416306,96ab05cb-1bd6-42ec-84ee-21d884727860,Sofia Reindeer,ONE SIZE,17.0,5.0,60.0,In Stock,2024-01-07 18:43:43
a2541435-5122-4939-a009-b0806c57905e,e65e42c4-39a9-4d9d-ac34-e842820395ed,Christmas Grizzo,ONE SIZE,11.0,4.0,37.5,In Stock,2024-01-07 18:43:44
0ca4a783-c2ab-44b0-a52d-a8fafa3b152f,448555a6-4001-425a-8e01-8a52068d109e,Maurice Macaroni Penguin,ONE SIZE,8.0,5.0,32.5,In Stock,2024-01-07 18:43:46
dcc97322-dbb9-464d-ad15-cb7fd0352cf5,d3b0171f-c167-413d-bc0c-e252bb0b9449,Merry Mouse,ONE SIZE,7.0,4.0,27.5,In Stock,2024-01-07 18:43:49
0d839131-ba67-4962-9ab7-bc97afd80177,2bc7caa6-0002-4a7b-9741-0e8e86fab917,Merry Mouse Present,ONE SIZE,7.0,4.0,27.5,In Stock,2024-01-07 18:43:51
793750bb-13be-4104-91a6-4cb2971de54f,80f7203b-bbff-4b3a-ad0a-a0ad4ca8e1ee,Merry Mouse Skiing,ONE SIZE,8.0,5.0,37.5,In Stock,2024-01-07 18:43:52
a0bee2b0-082e-41b7-b02e-ae7821f6f7b5,121a6ce2-da4a-4aeb-a5f5-748435a67aec,Winter Warmer Otto Sausage Dog,ONE SIZE,6.0,3.0,32.5,In Stock,2024-01-07 18:43:54
1280a06a-3895-422a-a8b1-f2be5eb9f662,8465ae8d-97a0-4b77-be11-34caf69acb2e,Personalised Bashful Luxe Bunny Luna Huge,HUGE,20.0,8.0,91.0,In Stock,2024-01-07 18:43:56
856592a9-4091-47c5-b162-61c89e1de652,bcc193dc-691a-417c-8f59-8779aeffd7c1,Personalised Bashful Luxe Bunny Luna Medium,MEDIUM,12.0,5.0,41.0,In Stock,2024-01-07 18:43:58
74ffc941-b45c-4c2f-9459-e37a61c2c042,6e055f00-5906-485e-8ab6-61909781f016,Winter Warmer Pippa Black Labrador,ONE SIZE,9.0,3.0,32.5,In Stock,2024-01-07 18:43:59
3040fb6e-7bdb-4b2d-aee1-483bdbfcdb5d,6932ccbe-56ba-43a9-b787-af72404d7a75,Santa Ricky Rain Frog,ONE SIZE,6.0,5.0,35.0,In Stock,2024-01-07 18:44:01
f5a7c222-a9ca-4b4c-aedb-3f227bed6043,5758bd9a-18ff-43cc-87ea-f6690d3a1236,Otto's Snowy Christmas Book & Winter Warmer Otto Sausage Dog,ONE SIZE,,,47.5,In Stock,2024-01-07 18:44:03
9bde2715-a6e5-43c1-8755-f5e1b311e55a,6defe594-f4ea-4afa-aa43-abb64059af94,Amuseabean Bunny,ONE SIZE,4.0,4.0,20.0,In Stock,2024-01-07 18:44:04
0c7e0477-562c-4386-97a4-e12eb83410db,d7d71859-6f2f-49f5-b99d-52495cf0fd43,Amuseabean Highland Cow,ONE SIZE,4.0,4.0,20.0,In Stock,2024-01-07 18:44:06
3f61abfe-f4bc-4cbf-a617-8ca039d1e820,a4d712d6-e1cc-4482-ad9c-398f4fc26fad,Amuseabean Ram,ONE SIZE,4.0,4.0,20.0,In Stock,2024-01-07 18:44:07
4e00bd23-af77-4d30-bcef-6ce1f7584ff1,621d2a59-9351-4db8-b966-4593e35c2465,Bashful Luxe Bunny Rosa,HUGE,20.0,8.0,85.0,More on the way,2024-01-07 18:44:09
195fcf5c-da9b-436b-afc3-887a5480de66,621d2a59-9351-4db8-b966-4593e35c2465,Bashful Luxe Bunny Rosa,MEDIUM,12.0,5.0,35.0,In Stock,2024-01-07 18:44:09
eb6eb9ff-a224-4440-b632-b7ff23934744,fb7ece99-0ae7-47b5-bfab-ea5125286bb6,Bashful Luxe Bunny Willow,HUGE,20.0,8.0,85.0,More on the way,2024-01-07 18:44:13
e7f6421f-5e3d-4857-8261-3f88bdf20e77,fb7ece99-0ae7-47b5-bfab-ea5125286bb6,Bashful Luxe Bunny Willow,MEDIUM,12.0,5.0,35.0,In Stock,2024-01-07 18:44:13
a18b8d80-08d9-4dd7-8bad-38c1219f1d90,3029056b-c9ff-4b59-86e7-39bfe46356f8,Birdling Goldfinch,ONE SIZE,4.0,3.0,17.0,In Stock,2024-01-07 18:44:15
1fee0da1-da95-4f9d-92be-f7b1a2571e66,b3a5e660-0f29-4407-8bd6-7f37d9cb55d7,Birdling Swallow,ONE SIZE,4.0,3.0,17.0,In Stock,2024-01-07 18:44:16
35bb57ee-3845-4f53-bcb6-c4c9e6fb8870,e97afc13-8835-4ac9-a00f-366fc568cfcb,Blowzy Belle Sheep,ONE SIZE,16.0,4.0,37.5,In Stock,2024-01-07 18:44:18
93fffc4e-33b2-4769-944e-c6af7b05f5b0,0adb66f5-a6c3-46bd-9d60-17aaa181f5b4,Fou Fou Ostrich,ONE SIZE,8.0,6.0,28.5,In Stock,2024-01-07 18:44:19
019a9652-8fb0-4371-9720-bd06282a3aab,b126f743-e6bb-4131-bf66-f1f3be15875d,Fou Fou Peacock,ONE SIZE,8.0,6.0,28.5,In Stock,2024-01-07 18:44:21
30c99fb0-a954-4cf5-b9d9-1b7f84a71d8f,d4791968-253f-4a45-90d0-6ea162b50660,Fuzzkin Monkey,ONE SIZE,9.0,4.0,25.0,In Stock,2024-01-07 18:44:22
72cceeaf-8d62-4e60-a0ea-12b31f17d353,810bcb2e-7a2c-44d6-b776-115de94675da,Ginny Goat,ONE SIZE,10.0,6.0,35.0,In Stock,2024-01-07 18:44:24
9931fd49-f5c6-4a60-a611-c8b6471727c7,eb1a2e4b-cef8-4b66-8113-9b8a1653658c,Gracie Grouper Fish,ONE SIZE,4.0,10.0,30.0,In Stock,2024-01-07 18:44:26
c11cd56a-76e6-4cf0-a41a-a1fbd534c274,8156636a-5cd3-4fb0-ad7e-1a4bef9b3632,Hector Fox Terrier,ONE SIZE,9.0,4.0,35.0,In Stock,2024-01-07 18:44:27
9ee21f2f-fd17-4e2a-b018-fd22c9a6fc37,d96ababd-21cd-47b4-8e2f-9fde80d3a006,Jinx Monster,ONE SIZE,17.0,6.0,35.0,In Stock,2024-01-07 18:44:29
f2d660c1-7715-434c-bc2f-869a0c88da22,072705df-8b39-4a7a-b8ec-7da316200038,Jollipop Cat,ONE SIZE,8.0,4.0,23.5,In Stock,2024-01-07 18:44:30
581a9f08-39ac-44d5-8e23-ac0babc43635,a879eb50-849f-41ae-af70-a1b131506956,Jollipop Puppy,ONE SIZE,8.0,4.0,23.5,In Stock,2024-01-07 18:44:32
361e8f1d-c0ed-4690-8b5d-daa296e4a9e1,b67ff306-c2b0-439b-95f6-db42c181a216,Lavender Dragon,HUGE,7.0,26.0,120.0,In Stock,2024-01-07 18:44:34
6bf1838f-511f-43a4-9f86-5ef7315e68a2,b67ff306-c2b0-439b-95f6-db42c181a216,Lavender Dragon,MEDIUM,5.0,20.0,65.0,In Stock,2024-01-07 18:44:34
870ceaca-ec89-4a36-8029-ec1853e8426b,b67ff306-c2b0-439b-95f6-db42c181a216,Lavender Dragon,LITTLE,3.0,12.0,32.5,In Stock,2024-01-07 18:44:34
886d1066-152a-49fe-9d24-54eaba28c92e,aa6ea7eb-00e1-4434-91db-0030a1dfc833,Lila Ballerina Bunny,ONE SIZE,13.0,2.0,35.0,In Stock,2024-01-07 18:44:36
03586924-e24e-4674-a250-dbedab1dca0b,f400fb25-7101-4273-860e-7af5ce6dd423,Madison Monkey,ONE SIZE,13.0,2.0,32.5,In Stock,2024-01-07 18:44:37
868fc2cc-204e-4e29-b407-a07db7e2ceae,5a3cd263-6350-4f75-b35e-e120033ada7e,Ollivander the Orca,ONE SIZE,9.0,25.0,70.0,In Stock,2024-01-07 18:44:39
b20b2a77-4eee-41ab-bb5a-0dc38606fb12,26f8c163-9a46-476e-87ae-01e1fc4eea2b,Oswald Orangutan,ONE SIZE,13.0,12.0,65.0,In Stock,2024-01-07 18:44:41
edd08816-548f-4518-93a2-640930943d64,cbb77014-cd14-431f-9977-5f2ccde9b8f1,Personalised Bashful Luxe Bunny Willow Huge,HUGE,20.0,8.0,91.0,In Stock,2024-01-07 18:44:43
6a062aa6-1dae-4a1c-aa5d-de8e061f5d8a,1a21a35a-57a1-4503-b04f-d50efd8ce699,Personalised Bashful Luxe Bunny Rosa Medium,MEDIUM,12.0,5.0,41.0,In Stock,2024-01-07 18:44:45
bbaa2c8e-19bb-4710-9a3b-5704021674f4,f5d4835d-958f-43be-972a-f82755c0a715,Personalised Bashful Luxe Bunny Willow Medium,MEDIUM,12.0,5.0,41.0,In Stock,2024-01-07 18:44:47
a64929bb-cca0-467f-9450-a0ae610f9b38,696c0731-e023-4e87-9171-f6cbd90f3c9a,Personalised Lavender Dragon Huge,HUGE,7.0,26.0,126.0,In Stock,2024-01-07 18:44:49
be993c58-9591-4158-8b37-6852ad4b2414,44e3c193-5b2d-48e7-b6d3-6e1118a67259,Pippa Black Labrador,ONE SIZE,9.0,4.0,33.0,In Stock,2024-01-07 18:44:51
b0831a4e-89b3-4436-b486-d60275c81782,299b1929-c3dd-4f80-8a8a-bbe766238dad,Quaxy Elephant,ONE SIZE,10.0,6.0,35.0,In Stock,2024-01-07 18:44:52
1a79a968-f3cc-4243-a041-8fbfe544b9f6,a7b86f18-727d-4a40-ab44-2ecb5194832e,Quaxy Pig,ONE SIZE,10.0,6.0,35.0,In Stock,2024-01-07 18:44:54
ceaf154c-35f6-4718-b640-602042497900,5427ba76-80f4-4a9c-bc8a-c7fb46140197,Ramonda Ostrich,ONE SIZE,22.0,6.0,40.0,In Stock,2024-01-07 18:44:55
d892ae6f-4363-40c4-b886-6353fdd95ec5,221556f2-59e8-464d-98a9-faab68b6f105,Rock-a-Bye Kitten,ONE SIZE,7.0,4.0,30.0,In Stock,2024-01-07 18:44:57
1019a154-9ceb-417e-a8c1-de0c15dd57b8,73a5f8af-c986-4a47-821f-16a28816c8ea,Sweetsicle Bunny,ONE SIZE,6.0,3.0,20.0,In Stock,2024-01-07 18:44:58
1e0443e0-9694-486a-bc4e-fcdd73206ea4,bd82a7c4-451b-48af-8dfa-de61f8665cc6,Syd Salamander,ONE SIZE,10.0,4.0,27.5,In Stock,2024-01-07 18:45:00
938d601a-ecaa-4a85-affb-1d9c2488c84b,68e02160-83b9-4a3c-b327-2faa0d910951,Bashful Hot Pink Bunny,MEDIUM,12.0,5.0,28.0,In Stock,2024-01-07 18:45:02
5846a4df-7576-4354-8010-9b2f4446ff24,68e02160-83b9-4a3c-b327-2faa0d910951,Bashful Hot Pink Bunny,SMALL,7.0,4.0,18.0,In Stock,2024-01-07 18:45:02
dfe90747-bfc5-46ac-aeb4-16953987be53,b6bdfe3a-c749-4eb1-83fd-9e681338833d,Bashful Sunshine Bunny,MEDIUM,12.0,5.0,28.0,In Stock,2024-01-07 18:45:05
ddf2415f-9739-4ded-a7e1-a2eaffc05417,b6bdfe3a-c749-4eb1-83fd-9e681338833d,Bashful Sunshine Bunny,SMALL,7.0,4.0,18.0,In Stock,2024-01-07 18:45:05
1753b5cc-ecab-478b-bf35-639f24bb1b26,c82ffb87-146a-4e3b-b2fd-b87b8f75d183,Goodnight Bunny Book,ONE SIZE,7.0,7.0,15.0,In Stock,2024-01-07 18:45:07
0aaaf7c7-c7aa-45ee-a229-8223477a498d,5a07d2ed-31f0-4102-bef6-4cadaa15f5b3,Bluebell Butterfly,ONE SIZE,8.0,13.0,33.0,In Stock,2024-01-07 18:45:08
2bfd9694-fd5b-4b9a-a151-31bba70f9a3f,4e8ce71f-d563-4046-ad31-f0fbb647cac4,Bonnie Bunny with Egg,ONE SIZE,6.0,3.0,23.5,In Stock,2024-01-07 18:45:10
f974b8ed-e466-4fdc-b06e-6a10271c7294,1379e2d8-17b6-4136-909b-83389a8b988b,Burly Boo Sheep,ONE SIZE,7.0,5.0,25.0,In Stock,2024-01-07 18:45:11
8292ca0d-110f-4051-8649-7c325724798a,1a81f46a-f49a-4d0a-a458-6aec13d804df,Cluny Cockerel,ONE SIZE,9.0,5.0,35.0,In Stock,2024-01-07 18:45:13
1971ac91-f87f-4ba9-829b-dc4f79c56fae,3f22e4b4-b1ae-48ae-8423-54677e6b0b62,Escarfgot Purple,ONE SIZE,6.0,3.0,20.0,In Stock,2024-01-07 18:45:15
4e6615da-7d18-421e-9286-e3711333bede,81e28faa-27ab-4843-8def-77f26f08a1b0,Escarfgot Pink,ONE SIZE,5.0,2.0,20.0,In Stock,2024-01-07 18:45:17
82bc273a-551d-43a4-9799-b4e2f7c0d24d,7c2873a0-caea-441d-9a32-86112de6ef37,Bashful Hot Pink Bunny with Personalised Cream Jumper,MEDIUM,12.0,5.0,38.0,In Stock,2024-01-07 18:45:19
e091ed53-249b-42b4-99ef-3a692ab57e8e,670aec07-5096-4133-8a40-b4a748d7b68b,Bashful Sunshine Bunny with Personalised Cream Jumper,MEDIUM,12.0,5.0,38.0,In Stock,2024-01-07 18:45:21
cdde5ee2-9c39-42e6-b61f-7316887fd3b7,713e9899-5ab9-47f4-9c8b-7e35753499a7,Bashful Hot Pink Bunny with Personalised Navy Jumper,MEDIUM,12.0,5.0,38.0,In Stock,2024-01-07 18:45:22
2fd37909-15c6-4ac6-8fd7-a7ca3f72d674,492efda5-7791-4a38-a22e-99b458f77a5a,Bashful Sunshine Bunny with Personalised Navy Jumper,MEDIUM,12.0,5.0,38.0,In Stock,2024-01-07 18:45:24
41b63eee-aa68-4d1c-a170-654fc222248f,91389769-4833-4bca-83c2-64ae2853bc6c,Bashful Sunshine Bunny with Personalised Red Jumper,MEDIUM,12.0,5.0,38.0,In Stock,2024-01-07 18:45:26
b2fe5916-d261-4c66-b014-26dc9ab3ed69,b421ff6d-1203-4a8e-afca-37a8c5281ad7,Layla Ladybird,ONE SIZE,3.0,6.0,25.0,In Stock,2024-01-07 18:45:28
5cd31810-a7f6-4135-881b-de71a72f4abb,ba3b6322-5e46-4e59-b491-0eef23b4b204,Nesting Bunnies,ONE SIZE,4.0,6.0,35.0,In Stock,2024-01-07 18:45:29
c6992081-2c2c-441b-90b0-c1b720497639,0a699d0d-7b9f-4f79-ba54-d6a65149aa49,Personalised Bashful Hot Pink Bunny Medium,MEDIUM,12.0,5.0,34.0,In Stock,2024-01-07 18:45:31
636f9b7f-715a-440d-a0a4-b6ccc6e3ee33,7e5cb218-80e0-4fcd-83a1-c07c89b20766,Personalised Bashful Sunshine Bunny Medium,MEDIUM,12.0,5.0,34.0,In Stock,2024-01-07 18:45:34
219e6409-faf0-4a9d-8be0-79c716238971,d3897994-f6f1-4fd9-aeea-92a3a03f0d30,Blossom Heart Blush Bunny,ONE SIZE,6.0,3.0,17.5,In Stock,2024-01-07 18:45:35
c3177610-e4ef-4cd2-bb3c-19fcb3d09286,1a572955-1aee-4fa6-9cc8-a9baa21f9399,Blossom Heart Tulip Bunny,ONE SIZE,6.0,3.0,17.5,In Stock,2024-01-07 18:45:37
9bdf2130-d989-47ee-bf97-aaf63632fe93,df5ce725-0ef4-4684-94ee-947372078914,Crowning Croaker Green Frog,ONE SIZE,5.0,3.0,17.5,In Stock,2024-01-07 18:45:38
69b1358b-644e-4946-8feb-d92f0d24ccf5,8afe3fa8-7aa8-42a2-99ae-897b859064b4,Love-Me Lobster,ONE SIZE,6.0,3.0,24.0,In Stock,2024-01-07 18:45:40
a64fc94c-0948-415d-8a69-f0ffb9178657,5f5583d0-d908-4840-9718-c33ff33762f4,Ambrosie Fox,ONE SIZE,9.0,5.0,35.0,In Stock,2024-01-07 18:45:42
cc221b09-2d48-4e0e-a495-0cca8924d86e,3e1312f4-8d09-4572-9f11-a24c8b90218e,Ambrosie Hare,ONE SIZE,9.0,4.0,35.0,In Stock,2024-01-07 18:45:43
d75f0671-f07f-411b-b73e-b61dda8e8ef0,1e4463fe-4f29-407b-95a1-31c73b7bbfdd,Anoraknid Black Spider,ONE SIZE,5.0,4.0,20.0,In Stock,2024-01-07 18:45:45
9d0910b8-d867-4b8a-804a-0faf63cc7dca,8c5091c1-5be0-4c04-90f9-eee898b24ced,Andie Axolotl,MEDIUM,11.0,5.0,32.5,In Stock,2024-01-07 18:45:47
8fc8660f-1389-4a76-8f98-e3be7c554abb,8c5091c1-5be0-4c04-90f9-eee898b24ced,Andie Axolotl,SMALL,7.0,2.0,22.0,Out of stock,2024-01-07 18:45:47
fcc01fcf-9f41-4514-936f-e43634aaa20d,b6213c05-01b2-4d83-bcf5-64146bcd8e33,Bashful Golden Bunny,MEDIUM,12.0,5.0,28.0,In Stock,2024-01-07 18:46:21
c7eca2bd-a8b7-48c3-a09e-b0546b1bbcd1,b6213c05-01b2-4d83-bcf5-64146bcd8e33,Bashful Golden Bunny,SMALL,7.0,4.0,18.0,In Stock,2024-01-07 18:46:21
df49f0ba-f8c4-49d1-ac3c-70e77aab9c9e,23bd72ca-cbde-4c9a-89b5-e399d86caf1a,Bashful Mineral Blue Bunny,MEDIUM,12.0,5.0,28.0,In Stock,2024-01-07 18:46:24
af0fa640-36be-4f4a-b300-9c4c67f24124,23bd72ca-cbde-4c9a-89b5-e399d86caf1a,Bashful Mineral Blue Bunny,SMALL,7.0,4.0,18.0,Out of stock,2024-01-07 18:46:24
056c2ad2-4369-4c69-9146-86d144ba3f0b,31570fa5-5da9-4f25-beb2-aed03faf40cb,Bashful Wolf,MEDIUM,12.0,5.0,28.0,In Stock,2024-01-07 18:46:25
06a14ace-8a82-4950-b5d1-8ba82000cdad,70339b5a-78e8-4a5d-b105-4c78f3c78478,Wrapabat Black,ONE SIZE,6.0,2.0,20.0,In Stock,2024-01-07 18:46:27
5211fc80-1828-4932-b940-45534903cba0,589ac826-f1b7-40a9-94c9-9563de6ca28a,Beatnik Buddy Poodle,ONE SIZE,11.0,3.0,28.0,In Stock,2024-01-07 18:46:29
4110c763-115f-4ba3-a955-7739d65e1735,ddb79d67-fbcf-47c3-8c51-12696fc1ce8c,Beatnik Buddy Sausage Dog,ONE SIZE,11.0,3.0,28.0,In Stock,2024-01-07 18:46:32
899d5223-c797-4da1-b304-60bd513a3f03,3324f61a-8891-443a-ae7f-f370976cbe4d,Daddy Loves Me Book,ONE SIZE,6.0,6.0,20.0,In Stock,2024-01-07 18:46:33
37a655de-5a08-41a1-9dc3-927ef6db26d4,a6ca07ad-07e6-4d8b-840b-723a2ace41a4,Mummy Loves Me Book,ONE SIZE,6.0,6.0,20.0,In Stock,2024-01-07 18:46:35
909833ac-44a1-4b6e-b53f-c26b4c641807,f9a4f14c-767c-46e3-bcee-d99cc00060ba,Backpack Wolf,ONE SIZE,9.0,4.0,30.0,In Stock,2024-01-07 18:46:36
2dbdef4c-4c69-4823-a06b-8bbf4ce68d6d,ebec50fb-0803-415e-a127-7b3eb0b66126,Big Spottie Unicorn,ONE SIZE,17.0,6.0,75.0,In Stock,2024-01-07 18:46:38
dcbab830-3bbb-413d-9178-bb42e5ab1a4e,3dcba1a6-bd41-42f1-ac03-f3a98fcb1f83,Cozy Crew Seahorse,ONE SIZE,7.0,2.0,25.0,In Stock,2024-01-07 18:46:39
bdb0efdd-0b22-45b5-9d99-f730f275a2f7,bb70d3ce-37c4-47aa-a9c9-d7b445362933,Davey Dilophosaurus,ONE SIZE,11.0,5.0,32.5,In Stock,2024-01-07 18:46:41
72257123-ffa6-4abd-bb7c-7306cf513514,2c2c4699-e00f-4a77-a679-0e416e350e74,Delano Dorado Fish,ONE SIZE,5.0,10.0,27.5,In Stock,2024-01-07 18:46:43
4601a8de-54ce-4f60-aa0c-af5a39ec597b,5ddd6435-ef89-4b1e-be23-3184c1ea96c6,Evelyn Swan,ONE SIZE,19.0,6.0,40.0,In Stock,2024-01-07 18:46:44
e9d48c88-51cf-4b4e-8161-baae227bd384,dfe44625-5c5f-4405-9f57-30739a495c4a,Fishiful Blue,ONE SIZE,5.0,6.0,17.5,In Stock,2024-01-07 18:46:46
668366cc-6b04-4595-9518-827e4d902634,82e18db5-46d1-4f7b-9c5a-b472af916a53,Fishiful Orange,ONE SIZE,5.0,6.0,17.5,In Stock,2024-01-07 18:46:47
e9164143-956b-40d2-a76b-5c89fe805af1,0a5a89dd-036e-4033-8398-89dd6b8b8b28,Fishiful Pink,ONE SIZE,5.0,6.0,17.5,In Stock,2024-01-07 18:46:49
dd732289-457d-4a36-a9cf-7e3b396cb656,86d573eb-9a60-4ff8-b91f-190855fedf81,Forest Fauna Bear,ONE SIZE,7.0,6.0,32.5,In Stock,2024-01-07 18:46:51
6239a63f-f4bf-4f55-b24c-f0529d9c978f,2f0da5ac-a6df-4d70-8929-b57f364ae64c,Forest Fauna Frog,ONE SIZE,8.0,4.0,32.5,In Stock,2024-01-07 18:46:52
7575dcb2-2464-4be5-ba32-1b73c7efc220,7bf56f25-3711-401b-a35b-cd23d6391277,Forest Fauna Owl,ONE SIZE,7.0,4.0,32.5,In Stock,2024-01-07 18:46:54
94bd00c2-9a75-4e3f-88b8-c8f43b31f887,65834277-8918-4fef-8db8-226f5f7afa7b,Freddie Sausage Dog,LARGE,7.0,7.0,30.0,Out of stock,2024-01-07 18:46:56
63e276ce-eac9-419d-ac22-91fe6a7f746f,65834277-8918-4fef-8db8-226f5f7afa7b,Freddie Sausage Dog,SMALL,5.0,7.0,22.0,In Stock,2024-01-07 18:46:56
0e5a075a-c956-4f8d-98b3-bafae603ecac,31b10e08-650f-4c0b-9acb-d607fc9d2c6a,Glamorama Cat,ONE SIZE,16.0,4.0,40.0,In Stock,2024-01-07 18:46:57
458d45c3-c0d1-4241-a7db-2a855a50df49,a82fc6b5-d577-49b6-a2fc-5d75003644d9,Glamorama Pig,ONE SIZE,11.0,6.0,40.0,In Stock,2024-01-07 18:46:59
500f01f4-bca4-4796-8fae-5cb7136f0100,6473c746-4d0b-4845-8fee-3f33aa6b64c8,Grizzo Gremlin,ONE SIZE,11.0,4.0,35.0,In Stock,2024-01-07 18:47:01
b1e0fc78-e126-49d1-be60-0946d2b030a1,582dc082-be32-4679-989e-df2b78c8a773,Hamish Hedgehog,ONE SIZE,8.0,16.0,75.0,In Stock,2024-01-07 18:47:02
ae50214c-e88c-4d6d-abbe-167808e9f5cc,2fc43e4c-2af2-41ec-98cc-3b588f61c7fb,Humphrey the Humpback Whale,ONE SIZE,8.0,20.0,85.0,In Stock,2024-01-07 18:47:04
56525fbd-796b-43a4-a141-5cfe1627ff22,7b6a9f1f-151f-49cf-a1e1-511eb9d432ad,Bashful Golden Bunny with Personalised Cream Jumper,MEDIUM,12.0,5.0,38.0,In Stock,2024-01-07 18:47:06
2e45c58a-de30-47fe-9d3a-85428c637af3,514c6450-8aeb-4f35-b4bf-c18c0e9c31f0,Bashful Mineral Blue Bunny with Personalised Cream Jumper,MEDIUM,12.0,5.0,38.0,In Stock,2024-01-07 18:47:07
bc0f5a2c-f945-49f2-bffd-94652c44535d,72fb42ce-91aa-4fa1-9ae1-da39a0d84e3f,Bashful Golden Bunny with Personalised Navy Jumper,MEDIUM,12.0,5.0,38.0,In Stock,2024-01-07 18:47:09
822c5200-3c86-4dc8-9a1c-94fd98680ea9,4155c8a7-3ff4-4e44-b0a3-9a9b1473bf98,Bashful Mineral Blue Bunny with Personalised Navy Jumper,MEDIUM,12.0,5.0,38.0,In Stock,2024-01-07 18:47:11
dfea0b87-a82d-44e0-a6ce-6c379aa78b40,6ffad006-7e97-45da-9009-0bfd6be619f0,Bashful Golden Bunny with Personalised Red Jumper,MEDIUM,12.0,5.0,38.0,In Stock,2024-01-07 18:47:13
63445610-3039-4ef0-959a-96bef3dcc9f6,281e3cba-5067-4c4a-a0af-dd65a13794c3,Bashful Mineral Blue Bunny with Personalised Red Jumper,MEDIUM,12.0,5.0,38.0,In Stock,2024-01-07 18:47:15
a0ae265f-b1f6-46fa-9d4a-a4ef7e9c4c3c,691e0b5f-c97f-4e98-9fe1-6d732087d293,Bashful Wolf with Personalised Red Jumper,MEDIUM,12.0,5.0,38.0,In Stock,2024-01-07 18:47:17
65c2d633-26a3-4ff5-8a9a-b5bcc65ad48d,2bb3ffaa-09f0-4fef-8840-f5dbfcc7902b,Little Tiger,ONE SIZE,7.0,4.0,22.0,In Stock,2024-01-07 18:47:18
860ef2cd-d249-487e-b1c9-d98cb40febcf,3cadb08d-ad34-47de-ab36-34ac6196634c,Letty Jellyfish,ONE SIZE,23.0,6.0,39.5,In Stock,2024-01-07 18:47:20
c8f791d6-de42-4021-9b0b-54792d528415,cd176cde-aa6c-4a92-9f3f-f5aed3889d72,Napping Nipper Dog,ONE SIZE,4.0,6.0,25.0,In Stock,2024-01-07 18:47:22
7c11ee71-87c1-4c60-8229-b0dcabc1438e,e93aee7e-d999-4239-b779-e5a9bda763c1,Nippit Beaver,ONE SIZE,5.0,3.0,15.0,In Stock,2024-01-07 18:47:24
cf2af4bc-848e-4962-923f-46cc75e8aa35,3a444be5-8c32-42b2-8f62-da996118ef80,Nippit Owl,ONE SIZE,5.0,3.0,15.0,In Stock,2024-01-07 18:47:25
613f0b15-8193-4fe3-a5c5-1b2dbfec8a28,1948c98e-75d0-498a-b011-6cf61f7b5b74,Oakley Owl,ONE SIZE,9.0,5.0,32.5,In Stock,2024-01-07 18:47:27
b060c6b7-16d2-4f22-862b-dccadf14ce69,16740cd1-b654-4ab3-abae-b1fe8e22bd75,Oberon Owl,ONE SIZE,10.0,5.0,30.0,In Stock,2024-01-07 18:47:28
d4383de2-0069-4db0-83dc-f3a7b6f443d2,428d265a-35c9-4904-bbaf-09c4ea696567,Pongo Orangutan,HUGE,23.0,7.0,65.0,In Stock,2024-01-07 18:47:30
032b7f38-8150-4325-8ef8-2b7938dc9980,319c4559-a951-4a3c-a062-0070950bf7ee,Personalised Bashful Golden Bunny Medium,MEDIUM,12.0,5.0,34.0,In Stock,2024-01-07 18:47:32
6c04f689-708d-4da2-8f20-edfdea1432db,8985ad68-09f6-4953-8ab8-ff4ee170b368,Personalised Bashful Mineral Blue Bunny Medium,MEDIUM,12.0,5.0,34.0,In Stock,2024-01-07 18:47:33
990e15d1-769b-4993-ac27-a4211104a69c,a87b5609-2c5f-4922-91a8-a866c999ab30,Pip Monster,SMALL,9.0,4.0,22.5,In Stock,2024-01-07 18:47:35
ad5b63ae-ca6e-4514-970b-e85256a15ecf,10cc96c8-e36d-4405-9e30-6c15767a02d2,Rock-a-Bye Mouse,ONE SIZE,7.0,4.0,30.0,In Stock,2024-01-07 18:47:37
7132d304-410a-4633-b503-35f6e393d72b,e09a7a97-dedc-4430-afaf-1860c4d66770,Sweater Sausage Dog Pink,ONE SIZE,6.0,3.0,32.5,In Stock,2024-01-07 18:47:38
3808ff98-b762-42d8-84f2-f18dde5ea686,01f516f7-2964-4d7d-8974-fe80b7747111,Sweater Sausage Dog Yellow,ONE SIZE,6.0,3.0,32.5,In Stock,2024-01-07 18:47:40
89643b1b-1234-4591-bf48-0a11f80fca80,d9458323-d764-4075-ad7b-87310d75b817,Seraphina Pegasus,ONE SIZE,9.0,20.0,68.5,In Stock,2024-01-07 18:47:42
8810ee54-1f11-48da-be99-58cbe0fff0ae,e03325b9-5266-47fa-b207-41cce0dce510,Sigmund Seal,ONE SIZE,7.0,13.0,50.0,In Stock,2024-01-07 18:47:44
05899cb9-4f1d-4571-93d7-888e49fc8fbf,9ee25af0-91ba-45c0-897c-414e3e61522a,Snoozling Hedgehog,ONE SIZE,11.0,6.0,36.0,In Stock,2024-01-07 18:47:45
294440e2-430f-4abd-86f8-908f9f0ae320,cbcb1d23-00bd-4a6b-8d95-deacc347c942,Spindleshanks Crab,ONE SIZE,3.0,15.0,33.0,In Stock,2024-01-07 18:47:47
1a4fb4fb-b416-498e-a250-8f3a80f7187f,f6e44d5b-997a-4973-8c33-0d8b0726b0b1,Splootie Elephant,ONE SIZE,7.0,22.0,68.0,In Stock,2024-01-07 18:47:49
e1380410-2201-4516-9aec-9523aca79100,798180e5-9621-4f77-9bf5-74af731046f1,Birdling Robin,ONE SIZE,4.0,3.0,17.0,In Stock,2024-01-07 18:47:50
a1ac7069-a1b5-4029-b901-a2f5e9cdcf22,c8e2013e-f102-49f8-ac63-4c55adf55462,Shimmer Stocking Bunny,ONE SIZE,8.0,4.0,28.5,In Stock,2024-01-07 18:47:52
20a7a6e7-9388-421e-a966-3530fec999a1,4c703a86-d1a4-480b-84ee-6d4878fd47be,Ambalie Bear,ONE SIZE,9.0,6.0,30.0,In Stock,2024-01-07 18:47:54
73d109a3-f97b-4c7a-8870-0d4f6075e50b,717d2cc4-4ba3-4fef-898a-2e444b7ef0cf,Ambalie Bunny,ONE SIZE,9.0,6.0,30.0,In Stock,2024-01-07 18:47:55
e335bb9f-f844-46c3-a962-efa9c49fbb80,4987a1f2-7082-47b1-84a6-36743437a027,Bashful Zebra,MEDIUM,12.0,5.0,28.0,In Stock,2024-01-07 18:47:57
54de1cfa-27cb-4dd0-a6c4-bce2888386af,09d472ad-7e42-4003-8749-297249ba51b9,If I Were An Owl Book,ONE SIZE,6.0,6.0,13.5,In Stock,2024-01-07 18:47:59
abbb3ee0-1d10-442b-b7ed-1241c5f6a851,8ba269f9-3464-4c3d-80fd-0803ed8baf0a,Betty Corgi,HUGE,13.0,13.0,75.0,More on the way,2024-01-07 18:48:01
61fe523b-4e18-47ff-9d43-e769548a41bc,8ba269f9-3464-4c3d-80fd-0803ed8baf0a,Betty Corgi,MEDIUM,7.0,10.0,30.0,In Stock,2024-01-07 18:48:01
ba0c305c-43bd-4c02-84c7-0252773a69de,f52b04ab-8c0c-49f2-b47a-064b6575185b,Big Spottie Giraffe,ONE SIZE,19.0,6.0,75.0,In Stock,2024-01-07 18:48:02
75605159-3207-4e3b-90ef-67aea136d1cc,17a80f7b-19e5-4761-8be8-fa9e48567ac3,Big Spottie T-Rex,ONE SIZE,18.0,6.0,75.0,In Stock,2024-01-07 18:48:04
43ecee91-ba91-490c-9aae-defb30c8b59a,843f6632-05c3-4450-8277-8388c14749b1,Cruz Crested Newt,ONE SIZE,12.0,4.0,32.5,In Stock,2024-01-07 18:48:05
854f512d-5dcc-4c4d-97a7-f3081dbbd386,67b35855-d6ff-4768-b40d-69e537e5319b,Cooper Doodle Dog,ONE SIZE,9.0,8.0,33.0,In Stock,2024-01-07 18:48:07
e43657c2-4c54-40be-ace3-8879094ffd2d,e9c5c755-1527-4474-b825-57e563be64be,Happihoop Owl,ONE SIZE,8.0,4.0,32.0,In Stock,2024-01-07 18:48:09
8403fc9a-3e18-4f7d-9ed7-99e098701f3f,4663b7f0-f36b-4a55-831c-f96543047935,Harper Pup,ONE SIZE,15.0,9.0,55.0,In Stock,2024-01-07 18:48:10
9f34fe8d-333c-4016-9793-a029ddb0654f,4b72f13e-ed83-4617-99d6-f82a1113c63c,Hibernating Bunny,ONE SIZE,5.0,5.0,22.0,In Stock,2024-01-07 18:48:12
49e6a490-0a77-4bf7-ad8d-cd01d344dea6,067309e8-4a39-4d0b-94ab-f45f16b3fabb,Higgledy Piggledy Old Spot,REALLY BIG,17.0,22.0,175.0,In Stock,2024-01-07 18:48:14
fe94f761-2693-4b0c-81cc-e4ed96212d57,067309e8-4a39-4d0b-94ab-f45f16b3fabb,Higgledy Piggledy Old Spot,HUGE,13.0,16.0,130.0,In Stock,2024-01-07 18:48:14
c437215d-462f-4bf9-bfbd-3800e6555e83,067309e8-4a39-4d0b-94ab-f45f16b3fabb,Higgledy Piggledy Old Spot,SMALL,4.0,6.0,22.0,Returning to stock next week,2024-01-07 18:48:14
67b57bcd-e64a-4fb8-ad1d-f9cc1c0ca121,4e872a3d-8759-4736-8cfd-eca73c03eddd,Huddles Bunny,ONE SIZE,9.0,6.0,45.0,In Stock,2024-01-07 18:48:15
ca441a9e-d031-4d07-b6d8-3fc45dff500e,31454cf3-0cb9-48c8-91eb-07ddf1c6995d,Huddles Duck,ONE SIZE,9.0,6.0,45.0,In Stock,2024-01-07 18:48:17
9230ec33-a2f0-412b-8e1a-4bcdce8483d3,25642e24-e580-49c0-bfdf-01076a6194ef,Jubjub Gookie,ONE SIZE,9.0,4.0,30.0,In Stock,2024-01-07 18:48:19
12d47eba-33c0-4262-ae38-0d3f8296bfee,f4daacfe-f9c0-4b87-80c8-2c803750a05a,Mack Mudskipper,ONE SIZE,10.0,4.0,28.5,In Stock,2024-01-07 18:48:20
8aad2f3a-2f4e-4876-acb4-80e357b3ec61,7da5f304-4367-4499-9130-d029fb109f40,Obbie Octopus,ONE SIZE,11.0,10.0,40.0,In Stock,2024-01-07 18:48:22
91ec1e16-5221-4bbf-a5c1-531ce35f604c,f7d18cfd-01ce-490b-ad23-f92f7938894b,Orson Horse,ONE SIZE,14.0,5.0,35.0,In Stock,2024-01-07 18:48:23
a7458189-1f08-45ec-afcb-aedde7b7a0c7,e63a0c31-585e-4f4c-b5f6-d3a453c7cc28,Peek-a-Boo Elly Activity Toy,ONE SIZE,6.0,5.0,32.0,In Stock,2024-01-07 18:48:25
f03ca06b-dbae-408f-b4a1-f6853c756c9a,6efd342b-7826-4e63-a834-a05de8152cee,Penny Praying Mantis,ONE SIZE,9.0,8.0,32.5,In Stock,2024-01-07 18:48:26
463c8638-fbf1-4595-889b-fc21f3faf4e6,92c27fc2-db92-4868-ac4d-37498d4fb26a,Ribble Dog,ONE SIZE,14.0,4.0,30.0,In Stock,2024-01-07 18:48:28
dca96333-128d-41ef-9b5c-732da656f2bd,a09c8860-67bc-4559-bedd-3bcb3f0b51ef,Ribble Elephant,ONE SIZE,15.0,4.0,30.0,In Stock,2024-01-07 18:48:29
4c49d8c3-0f50-48cf-8570-36dc55868ce7,e2f6e65e-5a59-45fb-b630-2bfa8f018494,Ribble Giraffe,ONE SIZE,16.0,4.0,30.0,In Stock,2024-01-07 18:48:31
aef2136d-79e2-4959-8932-b1626f9365d9,e0e1ca9f-4aba-4d83-b0b2-4285da4b77e1,Rose Dragon,HUGE,7.0,26.0,120.0,In Stock,2024-01-07 18:48:34
67aae47b-9015-4b5b-b3e1-aaafe0ff67ad,e0e1ca9f-4aba-4d83-b0b2-4285da4b77e1,Rose Dragon,MEDIUM,5.0,20.0,65.0,In Stock,2024-01-07 18:48:34
ee865674-2cd9-4f4e-8e0b-9dc6f2c4634b,e0e1ca9f-4aba-4d83-b0b2-4285da4b77e1,Rose Dragon,LITTLE,3.0,12.0,32.5,In Stock,2024-01-07 18:48:34
7adc6be8-4602-4311-b9d0-782c49ef0752,2b0e2d2b-720b-4bae-acba-54d563ba82ed,Ricky Rain Frog,LARGE,10.0,12.0,60.0,In Stock,2024-01-07 18:48:36
f98e4d6d-15ce-406a-98eb-20f51916db3b,2b0e2d2b-720b-4bae-acba-54d563ba82ed,Ricky Rain Frog,MEDIUM,5.0,7.0,28.0,More on the way,2024-01-07 18:48:36
379a0927-50aa-4d0a-ac6b-d53fca0cf934,afbc669d-52ce-4b30-813e-ebb903268fa8,Rufus Bear,LARGE,15.0,5.0,45.0,In Stock,2024-01-07 18:48:38
3eee90db-b82f-4655-a7a1-74963f2359c8,afbc669d-52ce-4b30-813e-ebb903268fa8,Rufus Bear,MEDIUM,11.0,4.0,27.5,In Stock,2024-01-07 18:48:38
370592e2-8c05-4b5c-a8ff-65e78fbaa279,ea41b524-9ac8-4677-8683-e696bfa570d5,Snuggler Puppy,ONE SIZE,9.0,5.0,25.0,In Stock,2024-01-07 18:48:39
e16df470-9dd7-4656-8d36-45db3883c5d8,804070c3-e012-40c8-8c82-686fa78ab3a1,Taylor Tiger,LARGE,6.0,18.0,80.0,More on the way,2024-01-07 18:48:41
255ae619-f3a1-4400-a63e-20fa4bdfee2c,804070c3-e012-40c8-8c82-686fa78ab3a1,Taylor Tiger,LITTLE,3.0,11.0,35.0,In Stock,2024-01-07 18:48:41
f2a04cea-34fb-43af-8703-1dcc59990b1d,186949fe-de27-4510-855c-9ce642a30a0c,Willow Hedgehog,ONE SIZE,7.0,4.0,23.5,In Stock,2024-01-07 18:48:42
09637c3a-9563-455d-87d7-41dee4985a97,94bf45da-81c6-4572-9526-12c471387660,Wriggidig Ant,ONE SIZE,5.0,6.0,23.5,In Stock,2024-01-07 18:48:44
1690fd21-29c4-4934-ad5a-162fd9bde3ad,e1fffc6a-0b39-4fdb-9cd8-15daa79fafc4,Wriggidig Bug,ONE SIZE,7.0,2.0,23.5,In Stock,2024-01-07 18:48:45
0b30b5ef-09bb-46fc-9aa9-61b7b1a498d5,dc40be1c-583b-4f9e-88c1-19a712b0d9ff,Bashful Lilac Bunny,MEDIUM,12.0,5.0,28.0,In Stock,2024-01-07 18:48:48
acd85f0e-06d1-4cdc-8235-6a3546eb150b,dc40be1c-583b-4f9e-88c1-19a712b0d9ff,Bashful Lilac Bunny,SMALL,7.0,4.0,18.0,Out of stock,2024-01-07 18:48:48
43da3db6-cc9c-4e8d-9440-b5f3ecf25f3e,8286299c-8b9d-4417-99b3-b2a42bacb4fa,Bashful Petal Bunny,MEDIUM,12.0,5.0,28.0,In Stock,2024-01-07 18:48:50
2f670bfa-9fa1-4a37-ae33-558a76385f4c,8286299c-8b9d-4417-99b3-b2a42bacb4fa,Bashful Petal Bunny,SMALL,7.0,4.0,18.0,More on the way,2024-01-07 18:48:50
eb75cfa6-714a-44b8-8108-0e64ebde7603,e9ce5050-337a-4db7-ad65-9c90a5939d45,Bashful Fudge Bunny,MEDIUM,12.0,5.0,28.0,More on the way,2024-01-07 18:48:52
fa84fa33-437d-4ad8-b47f-b41bb8a772c5,e9ce5050-337a-4db7-ad65-9c90a5939d45,Bashful Fudge Bunny,SMALL,7.0,4.0,18.0,In Stock,2024-01-07 18:48:52
b4412ba6-1eed-4a74-b86e-53b5b7c49821,9ebe7bde-66b0-4eb2-a2cf-235224fd5510,Who Can I Find Book,ONE SIZE,7.0,7.0,15.0,In Stock,2024-01-07 18:48:54
d97935cd-cc03-4390-8c71-62afedb5bb22,4bc27f71-b66d-43ce-83a6-35f04d4bbe7c,Blossom Sage Bunny,MEDIUM,12.0,5.0,28.0,In Stock,2024-01-07 18:48:56
7165f58d-b551-4f96-83b4-b0b40655c27e,4bc27f71-b66d-43ce-83a6-35f04d4bbe7c,Blossom Sage Bunny,SMALL,7.0,4.0,18.0,More on the way,2024-01-07 18:48:56
58f717a3-cebe-4eac-a6c2-fee5747e84e3,0efad1bb-fc85-46cb-9caa-0cdae6f59f07,Blossom Jasmine Bunny,MEDIUM,12.0,5.0,28.0,In Stock,2024-01-07 18:48:57
5a19f0e6-bcec-4485-a2e5-160753bac0a1,0efad1bb-fc85-46cb-9caa-0cdae6f59f07,Blossom Jasmine Bunny,SMALL,7.0,4.0,18.0,Returning to stock 2-3 months,2024-01-07 18:48:57
2ee99118-613b-49f4-8d14-a2fb89c03340,bb60435b-fdcf-4738-bb5d-005cc79221c9,Bashful Lilac Bunny with Personalised Cream Jumper,MEDIUM,12.0,5.0,38.0,In Stock,2024-01-07 18:49:00
e5420c76-37d5-4773-8137-1819a8dd78e8,0fb6c590-98d3-4bc5-a5a4-5a2aa25473c7,Bashful Petal Bunny with Personalised Cream Jumper,MEDIUM,12.0,5.0,38.0,In Stock,2024-01-07 18:49:01
1951007a-2118-4899-86ea-07f21ba04bbb,b6fa6512-ce51-4a68-b6c4-3ea39121dcaa,Blossom Sage Bunny with Personalised Cream Jumper,MEDIUM,12.0,5.0,38.0,In Stock,2024-01-07 18:49:03
8e7888b0-a7ab-44d8-958c-54543cb7126e,8c0383df-7255-4a39-a15e-4eacec5f8594,Blossom Jasmine Bunny with Personalised Cream Jumper,MEDIUM,12.0,5.0,38.0,In Stock,2024-01-07 18:49:05
42658c1e-30d7-4049-8958-d1700b2e2deb,87a34349-7332-4d6c-83b2-0713737a6a76,Bashful Lilac Bunny with Personalised Navy Jumper,MEDIUM,12.0,5.0,38.0,In Stock,2024-01-07 18:49:07
ca79ddd9-9ef9-4095-a388-9927b00dd472,7d27ac10-f71c-4413-bac0-87f9d2252cb9,Bashful Petal Bunny with Personalised Navy Jumper,MEDIUM,12.0,5.0,38.0,In Stock,2024-01-07 18:49:09
670c65b8-4b6e-4556-9b88-8ac9b014d7e4,b93fb5e6-bd9a-4b77-81da-34d1b98dd067,Blossom Sage Bunny with Personalised Navy Jumper,MEDIUM,12.0,5.0,38.0,In Stock,2024-01-07 18:49:11
6a983572-f82e-4d3a-91d9-0835eba91862,a5cfbaa5-9894-4a11-9182-74a741abe073,Blossom Jasmine Bunny with Personalised Navy Jumper,MEDIUM,12.0,5.0,38.0,In Stock,2024-01-07 18:49:12
3271696e-2210-491b-92e1-a87bc3ce73e8,e4b94ece-238a-4f8e-82de-c2c39884cebb,Bashful Lilac Bunny with Personalised Red Jumper,MEDIUM,12.0,5.0,38.0,In Stock,2024-01-07 18:49:14
edd2f548-e227-437e-ab33-c6e9952323dc,74325383-5dbb-4acd-85f3-b7395b32597e,Bashful Petal Bunny with Personalised Red Jumper,MEDIUM,12.0,5.0,38.0,In Stock,2024-01-07 18:49:16
fb1c7e0e-5f1c-475a-acd5-d9f0c4880cde,6d01c328-e016-40a4-929a-b1b25bf7073e,Blossom Sage Bunny with Personalised Red Jumper,MEDIUM,12.0,5.0,38.0,In Stock,2024-01-07 18:49:18
e817cff6-2b38-4d03-ba3c-646246eb98d3,63dc2ae0-9186-451a-92a1-4a59002e6e37,Blossom Jasmine Bunny with Personalised Red Jumper,MEDIUM,12.0,5.0,38.0,In Stock,2024-01-07 18:49:20
163f418b-1a96-417e-861f-ecf6af733295,7790a89b-78f6-4784-b6c0-a84e91d0c85e,Personalised Bashful Lilac Bunny Medium,MEDIUM,12.0,5.0,34.0,In Stock,2024-01-07 18:49:22
497f8bb4-b3d1-4fbd-8ac7-e507835845b2,a048c8e8-0bb5-48aa-9fea-66336581d6aa,Personalised Bashful Petal Bunny Medium,MEDIUM,12.0,5.0,34.0,In Stock,2024-01-07 18:49:24
4542638a-4bbe-488b-bad5-18705d7452ed,b9a12310-7e75-42b8-aadd-d909c87e2625,Alice Axolotl,MEDIUM,11.0,5.0,32.5,In Stock,2024-01-07 18:49:25
1d5432bd-1f75-4c3d-bfe6-76bc49315826,b9a12310-7e75-42b8-aadd-d909c87e2625,Alice Axolotl,SMALL,7.0,2.0,22.0,In Stock,2024-01-07 18:49:25
6b2ed141-c247-45ec-ac28-a8094fd9031d,9c640748-32d5-41e3-8ebc-8e6c3bbafc79,Bashful Shimmer Bunny,MEDIUM,12.0,5.0,28.0,In Stock,2024-01-07 18:49:27
1d5f7357-f7e6-427c-9286-4d3a99b616b3,9c640748-32d5-41e3-8ebc-8e6c3bbafc79,Bashful Shimmer Bunny,SMALL,7.0,4.0,18.0,In Stock,2024-01-07 18:49:27
373e197f-076a-4bc0-9015-ae6829d59615,b5c1cab0-0b96-499a-9a21-49675cb2673e,If I Were A Pony Book,ONE SIZE,6.0,6.0,13.5,In Stock,2024-01-07 18:49:29
f7c3d3d6-4cd0-4af1-95b8-25550d0a8a94,72fdf59c-06ff-44ea-85a9-f72595c92556,Blossom Bea Beige Bunny Comforter,ONE SIZE,10.0,9.0,17.0,In Stock,2024-01-07 18:49:30
45def105-58ea-4a89-8576-7d5f9dff0cda,66399f59-7ea7-4361-a155-a9e72e71b0b7,Cozy Crew Octopus,ONE SIZE,8.0,4.0,25.0,In Stock,2024-01-07 18:49:32
712e7c34-a7fd-456b-80e7-ebfc4dcb66c3,2760d4ed-39f1-46b4-abf4-b00fc4aae34f,Fossilly Stegosaurus,MEDIUM,6.0,5.0,38.0,In Stock,2024-01-07 18:49:34
f42561fa-476b-4c1f-ad62-68abbc9f9920,2760d4ed-39f1-46b4-abf4-b00fc4aae34f,Fossilly Stegosaurus,SMALL,3.0,2.0,15.0,More on the way,2024-01-07 18:49:34
0dcad4f7-0f79-4ae0-9c56-ed745fe6c614,69e61c2b-c03e-46e1-8034-688945efbc1d,Fuddlewuddle Lion Soother,ONE SIZE,13.0,13.0,25.0,In Stock,2024-01-07 18:49:36
eaec7cb6-5981-41a7-8234-bd3ea0b32e16,189b2875-a210-48b8-b249-be028641aa38,Bashful Shimmer Bunny with Personalised Cream Jumper,MEDIUM,12.0,5.0,38.0,In Stock,2024-01-07 18:49:38
07ef13b5-dace-4f1f-9446-9a6b77154380,84002ef8-1892-4e4e-8c24-b634fc32cf2b,Bashful Shimmer Bunny with Personalised Navy Jumper,MEDIUM,12.0,5.0,38.0,In Stock,2024-01-07 18:49:39
fc9062e7-777c-4f85-92d8-4add39790351,2ed7c0d5-0ba8-4bc8-9e8a-c2072497f904,Bashful Shimmer Bunny with Personalised Red Jumper,MEDIUM,12.0,5.0,38.0,In Stock,2024-01-07 18:49:41
2ef06474-d3e6-4b76-848b-f17774ddca91,053f7cc7-a9f5-40ec-9726-d0f0aedf3e20,Lingley Bunny Soother,ONE SIZE,11.0,7.0,20.0,In Stock,2024-01-07 18:49:43
91c6c57d-3900-4b17-b2c8-9c91184bd3a2,0551b9d4-e90d-4ee8-a58a-09f5058ac54e,Lingley Elephant Soother,ONE SIZE,11.0,7.0,20.0,In Stock,2024-01-07 18:49:45
396abd13-c63b-406b-a657-ebac6eeb2dfa,8d6c2e07-2c37-40e9-904d-26a1d176e915,Tartan Lottie Bunny,ONE SIZE,11.0,4.0,27.5,In Stock,2024-01-07 18:49:46
80b35d1b-b352-4d21-aa20-19f47d3494b5,6cfc6638-d882-4363-8c48-83c6a720a7bc,Onyx Dragon,HUGE,7.0,26.0,120.0,Out of stock,2024-01-07 18:49:48
064e5ee5-170d-4014-8db1-1130d741a60f,6cfc6638-d882-4363-8c48-83c6a720a7bc,Onyx Dragon,MEDIUM,5.0,20.0,65.0,In Stock,2024-01-07 18:49:48
9ac10f98-6663-4dfa-b6e1-31d444dd86d8,6cfc6638-d882-4363-8c48-83c6a720a7bc,Onyx Dragon,LITTLE,3.0,12.0,32.5,More on the way,2024-01-07 18:49:48
c139e68a-8440-4131-acf2-bb4980713527,68c94445-0fdc-49c4-abed-6713c8c3c8d0,Personalised Bashful Shimmer Bunny Medium,MEDIUM,12.0,5.0,34.0,In Stock,2024-01-07 18:49:50
4e70543c-0272-49b4-82bd-751a3743ce80,75045c04-37b2-487a-a5a6-f68d47b05262,Personalised Fuddlewuddle Lion Soother,ONE SIZE,13.0,13.0,31.0,In Stock,2024-01-07 18:49:52
ea4dd1b3-2629-4e84-be07-c50cbf5bbdc0,b6b64e45-9a5c-451c-80ef-a5fd137d387a,Personalised Onyx Dragon Huge,HUGE,7.0,26.0,126.0,In Stock,2024-01-07 18:49:54
e14fcabd-01c0-4bae-8645-ad93234011b7,d75be47d-007b-4660-a03f-dd49916e52ab,Personalised Snow Dragon Huge,HUGE,7.0,26.0,126.0,In Stock,2024-01-07 18:49:56
b36e320f-f5ff-4c21-a821-7a4de15dbe7c,27e7d5a8-893d-4fac-81f4-27d7568394e6,Rumpletum Lion,ONE SIZE,11.0,8.0,40.0,In Stock,2024-01-07 18:49:58
5edcf414-10e7-4deb-bc72-133853bea07b,a5f505ac-a669-4de1-800a-1ef2e1fb3676,Snuggler Cat,ONE SIZE,9.0,5.0,25.0,In Stock,2024-01-07 18:49:59
aee27dcb-8792-45cc-9e83-455ba40f739a,760558f6-2543-4047-9a76-ad50ae8113d0,Cordy Roy Baby Bunny Soother,ONE SIZE,11.0,9.0,23.0,In Stock,2024-01-07 18:50:01
43a1424a-ab79-4e65-897a-c5cefb8c92eb,6c24521a-f252-461d-9df3-2420e17d554f,Cordy Roy Baby Lion Soother,ONE SIZE,11.0,9.0,23.0,In Stock,2024-01-07 18:50:02
ff6c6a40-664a-410b-8031-85b768bf1740,dd1b5cf3-9ab6-4ead-8357-58e6ef9e840c,Bashful Tiger,HUGE,20.0,8.0,80.0,In Stock,2024-01-07 18:50:05
25649bca-f3f6-422a-8aaf-f86922d7c642,dd1b5cf3-9ab6-4ead-8357-58e6ef9e840c,Bashful Tiger,MEDIUM,12.0,5.0,28.0,More on the way,2024-01-07 18:50:05
e9db5e5d-2c84-420d-9034-8410aa54a6a3,dd1b5cf3-9ab6-4ead-8357-58e6ef9e840c,Bashful Tiger,SMALL,7.0,4.0,18.0,In Stock,2024-01-07 18:50:05
d2a7f1da-feda-4d83-94ac-372d0bb2dd0a,fa3a75fa-405b-4c9d-a071-cd6f0235c674,Bashful Cerise Bunny,MEDIUM,12.0,5.0,28.0,Out of stock,2024-01-07 18:50:07
280523cd-19be-42d2-95b9-00599b90f76b,fa3a75fa-405b-4c9d-a071-cd6f0235c674,Bashful Cerise Bunny,SMALL,7.0,4.0,18.0,In Stock,2024-01-07 18:50:07
7adba739-bee8-4bbd-a206-01a6fc448e4e,4b7007aa-1873-4bd7-b0b7-15db8dd9fe59,Beatrice Butterfly,LARGE,8.0,13.0,33.0,In Stock,2024-01-07 18:50:09
0ca0ca09-1c31-4ab4-a5a2-8e977d674413,66319b3f-9d4c-4f2a-8e2f-a86c3203276b,Little Me Book,ONE SIZE,8.0,8.0,15.0,In Stock,2024-01-07 18:50:11
5fc5b729-9cbd-4372-a8ec-69680b8e240f,b4428bad-d8ed-454f-827c-bcce2dd683bc,Blossom Dusky Blue Bunny,MEDIUM,12.0,5.0,28.0,In Stock,2024-01-07 18:50:13
69f32293-4a7e-41b5-b0b9-71e5230dad98,b4428bad-d8ed-454f-827c-bcce2dd683bc,Blossom Dusky Blue Bunny,SMALL,7.0,4.0,18.0,Out of stock,2024-01-07 18:50:13
d0b3194f-9c9e-4f7c-bad1-d9c2dca38929,68f38871-128b-402f-a319-37b0989f793f,Fossilly T-Rex,MEDIUM,11.0,6.0,38.0,In Stock,2024-01-07 18:50:19
5c424502-3812-45f6-b2e1-98e1e2a8e53b,68f38871-128b-402f-a319-37b0989f793f,Fossilly T-Rex,SMALL,5.0,3.0,15.0,More on the way,2024-01-07 18:50:19
92358832-ea20-481a-a164-2fe799cae2a7,0af79b14-4428-4d3b-b65d-87bd0a7259af,Bashful Dusky Blue Bunny with Personalised Cream Jumper,MEDIUM,12.0,5.0,38.0,In Stock,2024-01-07 18:50:21
9dd751a6-8e0b-402d-b72b-f3bbc6528747,7311de03-f6df-4e41-a3a6-8334d491760d,Bashful Tiger with Personalised Cream Jumper,MEDIUM,12.0,5.0,38.0,In Stock,2024-01-07 18:50:23
4bd23ea9-96c7-40bb-a784-b222b5ab523b,97384e08-9a1b-48cf-8db4-cdce2f117de8,Blossom Dusky Blue with Personalised Cream Jumper,MEDIUM,12.0,5.0,38.0,In Stock,2024-01-07 18:50:24
4fcb5bf6-1a52-425b-a616-c2a9ed165149,b33315e2-537a-49e4-b531-63e56f952f96,Blossom Bea Beige Bunny with Personalised Cream Jumper,MEDIUM,12.0,5.0,38.0,In Stock,2024-01-07 18:50:26
2b2eb0ac-984d-4ccb-beed-78826097bd05,9464c367-b34f-4e11-9585-63b0d35c142a,Bashful Dusky Blue Bunny with Personalised Navy Jumper,MEDIUM,12.0,5.0,38.0,In Stock,2024-01-07 18:50:28
18096561-a01d-48bf-bdf7-2ed5ab7c7c34,feae5d8b-3a94-4754-af52-231fcde9ebdd,Bashful Tiger with Personalised Navy Jumper,MEDIUM,12.0,5.0,38.0,In Stock,2024-01-07 18:50:30
12ef5e24-d6ab-4de3-8628-e2825e8aaf42,2d7bc7ed-6dac-4991-b33e-cef2c265c496,Blossom Dusky Blue with Personalised Navy Jumper,MEDIUM,12.0,5.0,38.0,In Stock,2024-01-07 18:50:32
82882f80-732e-414e-88cb-2e1312659268,054a7e82-78ab-4989-9bff-ce678460fe92,Blossom Bea Beige Bunny with Personalised Navy Jumper,MEDIUM,12.0,5.0,38.0,In Stock,2024-01-07 18:50:34
68095f47-8a8f-479a-a535-3d1019e53467,5bed54f9-f3a2-45f0-8597-6a40f29a982a,Bashful Dusky Blue Bunny with Personalised Red Jumper,MEDIUM,12.0,5.0,38.0,In Stock,2024-01-07 18:50:36
fc6531ec-e771-4a86-bbd1-387bc14d1135,906d79b8-17c9-452b-8378-128f3247286c,Bashful Tiger with Personalised Red Jumper,MEDIUM,12.0,5.0,38.0,In Stock,2024-01-07 18:50:38
c0425127-3184-4de1-9487-10f84c6fa2d8,ae31114a-bc4e-4e2d-9db1-f7cf18d0151e,Blossom Dusky Blue Bunny with Personalised Red Jumper,MEDIUM,12.0,5.0,38.0,In Stock,2024-01-07 18:50:40
634e5b49-e231-4836-a15a-570fd33e9b21,af7ad5a4-4436-4ce3-8b3c-7c3966d95000,Blossom Bea Beige Bunny with Personalised Red Jumper,MEDIUM,12.0,5.0,38.0,In Stock,2024-01-07 18:50:42
19c0937e-38ec-484c-a923-835736661117,54264cd3-8a50-471b-8d1a-21a6884fa03f,Odyssey Octopus,REALLY BIG,30.0,12.0,130.0,More on the way,2024-01-07 18:50:44
49b5dd66-e002-4b27-ab44-a07a56338c59,54264cd3-8a50-471b-8d1a-21a6884fa03f,Odyssey Octopus,HUGE,21.0,9.0,68.5,Out of stock,2024-01-07 18:50:44
6b412223-261c-45dd-a9a1-f8b287b5e96a,54264cd3-8a50-471b-8d1a-21a6884fa03f,Odyssey Octopus,LARGE,19.0,7.0,53.0,More on the way,2024-01-07 18:50:44
17dfe7a5-7430-4493-b76c-f48704e7d31f,54264cd3-8a50-471b-8d1a-21a6884fa03f,Odyssey Octopus,LITTLE,9.0,4.0,30.0,In Stock,2024-01-07 18:50:44
c5fe0fe7-2d27-4a21-9c1e-8277493f831c,54264cd3-8a50-471b-8d1a-21a6884fa03f,Odyssey Octopus,TINY,6.0,3.0,18.0,In Stock,2024-01-07 18:50:44
e3812615-3f07-4dad-96e2-cb0aabdb3f5d,1edb6aba-d244-4921-be4e-a8378973e342,Sage Dragon,HUGE,7.0,26.0,120.0,More on the way,2024-01-07 18:50:46
74c2d3ba-0ca6-479d-b638-08573508c284,1edb6aba-d244-4921-be4e-a8378973e342,Sage Dragon,MEDIUM,5.0,20.0,65.0,Returning to stock 2-3 months,2024-01-07 18:50:46
b70c5f69-0889-48bc-a926-42d2421fe3bc,1edb6aba-d244-4921-be4e-a8378973e342,Sage Dragon,LITTLE,3.0,12.0,32.5,In Stock,2024-01-07 18:50:46
54cc87af-105f-41c8-a042-ab9e0b5f6bdd,71a8bc7d-c009-449a-80bc-b7ad884fa8d2,Sienna Seahorse,MEDIUM,11.0,4.0,30.0,More on the way,2024-01-07 18:50:48
bf1d6687-9c93-47c1-94cc-7b31ee38ec8b,71a8bc7d-c009-449a-80bc-b7ad884fa8d2,Sienna Seahorse,SMALL,7.0,2.0,20.0,In Stock,2024-01-07 18:50:48
02b2d93b-e261-4e82-80c5-6fa0be3c4f5f,d474ce79-2097-42c2-b618-a9ffbde668b6,Bashful Plum Bunny,HUGE,20.0,8.0,80.0,Out of stock,2024-01-07 18:50:51
355cf998-5f6d-4522-9c14-ae7131e47df0,d474ce79-2097-42c2-b618-a9ffbde668b6,Bashful Plum Bunny,MEDIUM,12.0,5.0,25.0,Out of stock,2024-01-07 18:50:51
940f0a4b-a613-4f8b-9b98-33b7e41cba69,d474ce79-2097-42c2-b618-a9ffbde668b6,Bashful Plum Bunny,SMALL,7.0,4.0,18.0,In Stock,2024-01-07 18:50:51
65b15219-d715-4a5b-8bf3-2c77018cd2a2,327260aa-7358-41c0-89f7-3ed20d3d69c0,Fossilly Brontosaurus,MEDIUM,10.0,5.0,38.0,In Stock,2024-01-07 18:50:53
06e0fe5f-7275-4bd9-88c7-d844dfa93b3d,327260aa-7358-41c0-89f7-3ed20d3d69c0,Fossilly Brontosaurus,SMALL,3.0,2.0,15.0,More on the way,2024-01-07 18:50:53
40baaeae-a1c2-4e5e-be02-06a65dec42df,3ce4bf2f-09f2-4393-a04c-304a76fc0cae,Fossilly Triceratops,MEDIUM,7.0,4.0,38.0,In Stock,2024-01-07 18:50:55
c6ff8454-22e0-45af-9cb4-bf77a0cb93d2,3ce4bf2f-09f2-4393-a04c-304a76fc0cae,Fossilly Triceratops,SMALL,4.0,2.0,15.0,Out of stock,2024-01-07 18:50:55
73a788c4-ddc9-4067-8bac-02eec33ee51e,1b8151e3-43b3-4666-9c2a-5a315a273618,Snow Dragon,HUGE,7.0,26.0,120.0,In Stock,2024-01-07 18:50:57
205a7755-7ae6-4c19-9c64-c7e6ce515b26,1b8151e3-43b3-4666-9c2a-5a315a273618,Snow Dragon,MEDIUM,5.0,20.0,65.0,In Stock,2024-01-07 18:50:57
8c461732-3315-41d1-b81b-38bed45e4c35,1b8151e3-43b3-4666-9c2a-5a315a273618,Snow Dragon,LITTLE,3.0,12.0,32.5,In Stock,2024-01-07 18:50:57
c218f272-a69b-4878-8c92-427a8fb97fb6,ca918431-83a1-476a-907d-ff3c435f3bc4,Blossom Blush Bunny,LARGE,14.0,6.0,43.0,Out of stock,2024-01-07 18:50:59
d09b12f5-8b18-4d1f-b7d3-806a23cfe1af,ca918431-83a1-476a-907d-ff3c435f3bc4,Blossom Blush Bunny,MEDIUM,12.0,5.0,28.0,In Stock,2024-01-07 18:50:59
34ecae6c-2dc6-4fc1-a6b0-aac5d2365714,ca918431-83a1-476a-907d-ff3c435f3bc4,Blossom Blush Bunny,SMALL,7.0,4.0,18.0,In Stock,2024-01-07 18:50:59
e36d54d1-75d6-4e04-a98c-0ebe8a10f6ac,74ac4cef-d32b-45ba-9b89-055d738240c1,Blossom Blush Bunny with Personalised Cream Jumper,MEDIUM,12.0,5.0,38.0,In Stock,2024-01-07 18:51:02
700c258e-6f14-4cc0-a98e-f327be95084d,7fc50f3e-03ad-47ac-8196-0b6ac1dc30bc,Blossom Blush Bunny with Personalised Navy Jumper,MEDIUM,12.0,5.0,38.0,In Stock,2024-01-07 18:51:04
7d99dd3d-77eb-415a-9031-d14bccc479f2,d826e204-cecd-40b4-af79-30c00e553512,Blossom Blush Bunny with Personalised Red Jumper,MEDIUM,12.0,5.0,38.0,In Stock,2024-01-07 18:51:06
fd6a6fc8-1771-4782-8c90-e1bf573ff752,6e666723-2eb4-4f7e-bcfb-b1dbafed6729,Personalised Odell Octopus Soother,ONE SIZE,13.0,13.0,31.0,In Stock,2024-01-07 18:51:08
15a58470-a1c9-4f78-a98b-d450cfbc4faf,7c0c3f9a-c19b-4e6b-b254-277d700be9ed,Wiley Whale,HUGE,8.0,31.0,90.0,In Stock,2024-01-07 18:51:10
fd4e7d8a-2208-4945-942c-8ff8dd4399f9,7c0c3f9a-c19b-4e6b-b254-277d700be9ed,Wiley Whale,LARGE,7.0,20.0,53.0,In Stock,2024-01-07 18:51:10
7d5839a4-28b2-4e2a-99f0-ebb21a9fcd3f,2c4d960c-0980-46b3-ad10-2d354d790d16,Bailey Sloth,MEDIUM,16.0,3.0,35.0,In Stock,2024-01-07 18:51:12
a4a9d8e5-57d4-422b-8828-7febed0b2cb4,2c4d960c-0980-46b3-ad10-2d354d790d16,Bailey Sloth,SMALL,13.0,2.0,28.0,Out of stock,2024-01-07 18:51:12
01efd2aa-24e3-4820-8e5d-fe031c99cd50,9d45e149-a33a-40ea-afce-bc521a91d5ce,Storm Octopus,LARGE,19.0,7.0,53.0,In Stock,2024-01-07 18:51:14
2ec64280-30fa-418f-8797-95b78054ebf2,9d45e149-a33a-40ea-afce-bc521a91d5ce,Storm Octopus,LITTLE,9.0,4.0,30.0,Returning to stock 3-4 weeks,2024-01-07 18:51:14
c26aca76-5cb6-4b6b-a762-280f39d54569,9d45e149-a33a-40ea-afce-bc521a91d5ce,Storm Octopus,TINY,6.0,3.0,18.0,More on the way,2024-01-07 18:51:14
8c009ede-47ab-4ed4-8150-123072d8b69b,353ca982-cf36-4020-a52a-e1dc0dd5761c,Bashful Dragon,VERY BIG,43.0,18.0,275.0,In Stock,2024-01-07 18:51:17
93623c89-5f9f-4a1c-ad03-849528318606,353ca982-cf36-4020-a52a-e1dc0dd5761c,Bashful Dragon,REALLY BIG,26.0,12.0,125.0,More on the way,2024-01-07 18:51:17
78703c4c-9d0e-4b3c-af4d-5e5c2a47a91c,353ca982-cf36-4020-a52a-e1dc0dd5761c,Bashful Dragon,HUGE,20.0,8.0,69.5,Out of stock,2024-01-07 18:51:17
603dca42-db2d-463e-8e67-925d8ce48919,353ca982-cf36-4020-a52a-e1dc0dd5761c,Bashful Dragon,MEDIUM,12.0,5.0,28.0,More on the way,2024-01-07 18:51:17
4de5ebf4-9610-4b79-9782-880b36af2f0e,353ca982-cf36-4020-a52a-e1dc0dd5761c,Bashful Dragon,SMALL,7.0,4.0,18.0,More on the way,2024-01-07 18:51:17
4380d02f-c4fa-4634-842d-fd619e26fd76,62f3121f-22f2-4fc6-8661-74fc037a4673,Bashful Dino,VERY BIG,43.0,18.0,275.0,In Stock,2024-01-07 18:51:19
e1bd80aa-4a43-4500-91af-998244e2ff7f,62f3121f-22f2-4fc6-8661-74fc037a4673,Bashful Dino,REALLY BIG,26.0,12.0,125.0,In Stock,2024-01-07 18:51:19
bbdfbddc-e118-46c2-90d8-c60e6c6fe3e2,62f3121f-22f2-4fc6-8661-74fc037a4673,Bashful Dino,HUGE,20.0,8.0,80.0,In Stock,2024-01-07 18:51:19
0a28fd45-2986-42f2-8170-ed7cddc08682,62f3121f-22f2-4fc6-8661-74fc037a4673,Bashful Dino,MEDIUM,12.0,5.0,28.0,In Stock,2024-01-07 18:51:19
c959ac75-ae70-45cc-a770-6de04eef2b3c,62f3121f-22f2-4fc6-8661-74fc037a4673,Bashful Dino,SMALL,7.0,4.0,18.0,More on the way,2024-01-07 18:51:19
87fa420c-27ff-4f23-89bd-ee70e72af7fc,aef2fe03-10ea-4355-8183-ae5f4f00c2c3,Bashful Turtle,MEDIUM,12.0,5.0,28.0,Returning to stock 2-3 months,2024-01-07 18:51:21
26fc5d8f-7718-4b7d-9fb2-8df01f5031f2,aef2fe03-10ea-4355-8183-ae5f4f00c2c3,Bashful Turtle,SMALL,7.0,4.0,18.0,In Stock,2024-01-07 18:51:21
499b8d82-94ff-4f14-a9dc-a99cb8413c22,f74404cf-58db-40bc-8dd0-92505d2e1d8b,Elly Ballerina Book,ONE SIZE,12.0,,15.0,In Stock,2024-01-07 18:51:22
70a2082e-2789-4612-8f96-f9e32d06ea13,da444226-e3e8-449a-9ecb-d5e3303244fc,Livi Leopard,LARGE,5.0,18.0,80.0,In Stock,2024-01-07 18:51:24
0689f47a-f2eb-4cde-bede-fa5643a80f54,da444226-e3e8-449a-9ecb-d5e3303244fc,Livi Leopard,LITTLE,3.0,11.0,35.0,Out of stock,2024-01-07 18:51:24
091fdb8c-9acb-4d7d-906c-78648376fa7c,822b6003-965d-4bf6-bf86-bae3a85dd726,Smudge Puppy,MEDIUM,9.0,5.0,35.0,In Stock,2024-01-07 18:51:26
f48236ea-5169-42c1-8920-e9076f800bfe,34f50cab-9ab4-497a-9700-a6fee171ac1c,Bashful Navy Bunny,MEDIUM,12.0,5.0,28.0,In Stock,2024-01-07 18:51:29
3e390aef-d0a6-4821-9ec4-bec9da5a6eeb,34f50cab-9ab4-497a-9700-a6fee171ac1c,Bashful Navy Bunny,SMALL,7.0,4.0,18.0,Out of stock,2024-01-07 18:51:29
00c09d12-b845-45ef-bc72-8a10158801fe,cad3b1da-c3bd-4496-b38f-16ee4e8a464f,Bashful Navy Bunny with Personalised Cream Jumper,MEDIUM,12.0,5.0,38.0,In Stock,2024-01-07 18:51:31
2e914805-59b0-4c35-839f-db90d90b76ee,43d4c8ad-a9ac-4542-b6d9-e08cb4a9968f,Bashful Navy Bunny with Personalised Red Jumper,MEDIUM,12.0,5.0,38.0,In Stock,2024-01-07 18:51:33
fa8096b7-98a9-47cb-95d9-8f20d3a625ca,254bd08d-3c1a-427c-aa13-3151f89c432b,Personalised Bashful Navy Bunny Medium,MEDIUM,12.0,5.0,34.0,In Stock,2024-01-07 18:51:35
7383675d-028c-48b9-aebf-f67417f7dd9a,f6d8827d-a12f-48a7-bae0-ce0444453826,Sacha Snow Tiger,REALLY BIG,9.0,29.0,200.0,In Stock,2024-01-07 18:51:37
f9be29b2-be6c-48ab-8f56-5fe31b35ef89,f6d8827d-a12f-48a7-bae0-ce0444453826,Sacha Snow Tiger,LARGE,5.0,18.0,80.0,More on the way,2024-01-07 18:51:37
eb6ad17a-2231-41be-bf0b-986ed3b49dc2,48fb7484-f1d2-43b2-958a-9fe0cbd69e5d,My Friend Bunny Book,ONE SIZE,9.0,9.0,15.0,In Stock,2024-01-07 18:51:39
2b9d3466-b89d-4b0d-8c6b-9b78010e29b3,a674e0ef-0b7f-4aea-a2ca-7a5de7f69aa3,Bashful Beige Bunny Blanket,ONE SIZE,40.0,30.0,45.0,In Stock,2024-01-07 18:51:41
1e1cd00c-7b28-48ac-99f0-33ff431cef62,fd0a6803-ed10-4d4f-9416-1b4efd83beb1,Bashful Blue Bunny Blanket,ONE SIZE,40.0,30.0,45.0,In Stock,2024-01-07 18:51:42
27205b18-d2ac-442a-a6ed-9947836c70f8,16c141d4-a6f1-424d-9051-1da293506039,Bashful Pink Bunny Blanket,ONE SIZE,40.0,30.0,45.0,In Stock,2024-01-07 18:51:44
b6f73828-bce6-458b-884a-e6ca221a1878,a34b4e92-6d9a-48ea-a729-6dad6f5a064a,Harry Panda Cub,HUGE,20.0,10.0,120.0,Out of stock,2024-01-07 18:51:46
3af4230d-9975-4108-af0c-6ea81c2638a2,a34b4e92-6d9a-48ea-a729-6dad6f5a064a,Harry Panda Cub,LARGE,15.0,8.0,65.0,More on the way,2024-01-07 18:51:46
4c4edf22-5bfa-4c61-8ba4-8d39c69fceb6,a34b4e92-6d9a-48ea-a729-6dad6f5a064a,Harry Panda Cub,MEDIUM,11.0,6.0,35.0,In Stock,2024-01-07 18:51:46
0fb523fd-1ddb-4409-8cea-f640b43dc011,a34b4e92-6d9a-48ea-a729-6dad6f5a064a,Harry Panda Cub,TINY,5.0,3.0,13.0,Out of stock,2024-01-07 18:51:46
e7b65a21-2c77-40d0-a635-afd8ac22f077,a67d90df-20de-4542-bb9e-8f07e7727d93,Bashful Lamb with Personalied Red Jumper,MEDIUM,12.0,5.0,38.0,In Stock,2024-01-07 18:51:48
2af2d9e1-688c-4adb-aba8-9a8be1e5cc1c,7ffd7081-d415-4ba1-837d-f314398dc3b5,Larry Lobster,MEDIUM,11.0,4.0,33.0,In Stock,2024-01-07 18:51:50
900e30c8-0d11-49e7-8acc-d1acb106b381,7ffd7081-d415-4ba1-837d-f314398dc3b5,Larry Lobster,SMALL,8.0,3.0,25.0,Returning to stock 2-3 months,2024-01-07 18:51:50
7c5e9734-7126-4ec0-a2b0-be3fd6a54430,208e801f-0313-4990-84b2-49b901e349fa,Bashful Truffle Bunny,MEDIUM,12.0,5.0,28.0,In Stock,2024-01-07 18:51:53
e3fb87e3-dd8e-46ed-b7bd-e1675e0544db,208e801f-0313-4990-84b2-49b901e349fa,Bashful Truffle Bunny,SMALL,7.0,4.0,18.0,Out of stock,2024-01-07 18:51:53
dde0a18d-640c-4f27-8f5c-83b5d72ee60e,77b991f1-0932-4d3f-bd62-170d7659be5e,Colin Chameleon,ONE SIZE,11.0,4.0,29.0,In Stock,2024-01-07 18:51:54
68ed42d9-223a-4aa4-9a36-b4de2702a6dd,1bea9db9-77bc-440e-ac07-f781115fbde4,Bashful Truffle Bunny with Personalised Cream Jumper,MEDIUM,12.0,5.0,38.0,In Stock,2024-01-07 18:51:56
d8010bf8-251b-4015-91d7-20385f099c2f,9e002504-0fe9-4077-8c1d-bf6ccfe037df,Bashful Truffle Bunny with Personalised Navy Jumper,MEDIUM,12.0,5.0,38.0,In Stock,2024-01-07 18:51:58
26dfd31f-02d4-4a13-b8c0-b437e7b65a74,55ad7ef7-7353-46e3-afc7-49380b3cec78,Bashful Truffle Bunny with Personalised Red Jumper,MEDIUM,12.0,5.0,38.0,In Stock,2024-01-07 18:52:00
1decf366-09d4-44fa-b36f-8e1a7078b9aa,54b4fab1-9dd4-4c33-92a9-9ecb5fcfc9bc,Bashful Fox Cub,HUGE,20.0,8.0,80.0,In Stock,2024-01-07 18:52:02
6117f89a-58e8-4482-a34a-a088a01d8de5,54b4fab1-9dd4-4c33-92a9-9ecb5fcfc9bc,Bashful Fox Cub,MEDIUM,12.0,5.0,28.0,More on the way,2024-01-07 18:52:02
5b8de452-8589-4112-b376-639fdc3671e5,54b4fab1-9dd4-4c33-92a9-9ecb5fcfc9bc,Bashful Fox Cub,SMALL,7.0,4.0,16.5,Out of stock,2024-01-07 18:52:02
4c4a4c05-34dd-4212-a3cc-87eabf79e093,e6ac34c6-5cbf-4714-bc87-738ad5442896,Bashful Toffee Puppy,VERY BIG,43.0,18.0,275.0,In Stock,2024-01-07 18:52:05
0e4ba647-2bb6-4720-92b9-c9e0db92fb48,e6ac34c6-5cbf-4714-bc87-738ad5442896,Bashful Toffee Puppy,REALLY BIG,26.0,12.0,125.0,In Stock,2024-01-07 18:52:05
83c8783d-a0ec-4465-b116-61a9ae09c34a,e6ac34c6-5cbf-4714-bc87-738ad5442896,Bashful Toffee Puppy,MEDIUM,12.0,5.0,28.0,Returning to stock 2-3 months,2024-01-07 18:52:05
83527210-857b-4b1b-b7ed-349286adc46a,e6ac34c6-5cbf-4714-bc87-738ad5442896,Bashful Toffee Puppy,SMALL,7.0,4.0,18.0,Returning to stock 2-3 months,2024-01-07 18:52:05
e1a94352-de61-4d95-b2ae-d399f4aa9bb1,f3fe01e4-62a5-4dec-bad1-97d40e2fae9b,If I Were A Bunny Book,ONE SIZE,6.0,6.0,13.5,In Stock,2024-01-07 18:52:06
65e41ffa-768f-4e65-ac9d-cc8a819be306,f1728e82-8303-4670-a9f8-6027e6b1a845,The Very Brave Lion Book,ONE SIZE,9.0,9.0,15.0,In Stock,2024-01-07 18:52:08
58ea1569-805e-4e98-8b93-3b1cf458da07,54da4ffe-303b-41be-9b3f-ae2cae08e25c,If I Were A Bunny Book and Bashful Bunny,SMALL,,,31.5,In Stock,2024-01-07 18:52:09
81b2c63d-22d2-4b60-ab12-9b2bd6a1f037,fbc744de-4b54-4f7d-bdda-8c56acffa801,The Very Brave Lion Book and Fuddlewuddle Lion,MEDIUM,,,45.0,In Stock,2024-01-07 18:52:11
ac66702d-4a4b-47ae-908a-2fcf2ed1b697,c0dc3f75-ea32-4136-897a-9525ffc5444e,Bashful Twinkle Bunny,MEDIUM,12.0,5.0,28.0,More on the way,2024-01-07 18:52:13
4fb2dd49-9a50-4388-b022-e60cda1365db,c0dc3f75-ea32-4136-897a-9525ffc5444e,Bashful Twinkle Bunny,SMALL,7.0,4.0,18.0,In Stock,2024-01-07 18:52:13
38f09bdb-b989-4a49-98de-e809a8caf7a8,0347691b-ffdc-48da-be47-64341340ee60,Blossom Tulip Bunny,HUGE,20.0,8.0,80.0,Out of stock,2024-01-07 18:52:15
8b019000-8038-4324-afa5-b8991d58895f,0347691b-ffdc-48da-be47-64341340ee60,Blossom Tulip Bunny,LARGE,14.0,6.0,43.0,In Stock,2024-01-07 18:52:15
e5858d87-635b-4f98-856b-5db33dac1f7a,0347691b-ffdc-48da-be47-64341340ee60,Blossom Tulip Bunny,MEDIUM,12.0,5.0,28.0,In Stock,2024-01-07 18:52:15
3c036e6d-dbb2-4db0-848f-6e33c0b6505a,0347691b-ffdc-48da-be47-64341340ee60,Blossom Tulip Bunny,SMALL,7.0,4.0,18.0,In Stock,2024-01-07 18:52:15
30733fef-d37b-4141-bd6b-67ba7892dab1,0347691b-ffdc-48da-be47-64341340ee60,Blossom Tulip Bunny,TINY,5.0,,10.0,Out of stock,2024-01-07 18:52:15
7249eaff-178c-4c57-9782-a5a96dcfa6bd,00e0d156-9ca7-4104-a272-395678792040,Blossom Tulip Bunny with Personalised Cream Jumper,MEDIUM,12.0,5.0,38.0,In Stock,2024-01-07 18:52:17
f93fe8e0-402d-498a-865b-5215b0e2f3e3,8417de49-5e86-40df-a433-eaf1fe44b575,Blossom Tulip Bunny with Personalised Navy Jumper,MEDIUM,12.0,5.0,38.0,In Stock,2024-01-07 18:52:19
b3157378-f018-4551-ad04-7743bc689cc4,52886e84-a7aa-415a-92d1-2ce110f8f06c,Blossom Tulip Bunny with Personalised Red Jumper,MEDIUM,12.0,5.0,38.0,In Stock,2024-01-07 18:52:21
d510912a-2e70-412d-82f8-5754e4d138e1,a10b0dbc-a61c-4c16-ac49-a67abaef9d56,Personalised Bashful Silver Bunny Huge,HUGE,20.0,8.0,86.0,In Stock,2024-01-07 18:52:23
fdf5f291-77af-4f3a-932d-014b9dc5b40d,a8604e78-b9c2-41ef-b9ec-fa78ed2358cd,If I Were An Elephant Book,ONE SIZE,6.0,6.0,13.5,In Stock,2024-01-07 18:52:25
4cdb49b3-4814-4557-8347-262f9d474e6f,dca0e72d-a465-422a-aaa9-5944c1bcc498,The Magic Bunny Book,ONE SIZE,7.0,7.0,15.0,In Stock,2024-01-07 18:52:27
8b8879ce-00c6-4245-98bf-2e57e75cd224,d74223f3-4234-4f79-80e1-6355db769f32,When I am Big Book,ONE SIZE,8.0,8.0,15.0,In Stock,2024-01-07 18:52:28
e1b14c58-e0f6-42a7-9c75-6d6007e1af00,ed5f0f17-ce38-463b-ad8a-526484f8f045,Bumbly Bear,HUGE,23.0,9.0,99.0,Out of stock,2024-01-07 18:52:31
9c629c6c-49a4-4a6d-a591-e22fcfa8d882,ed5f0f17-ce38-463b-ad8a-526484f8f045,Bumbly Bear,LARGE,20.0,7.0,60.0,In Stock,2024-01-07 18:52:31
036bdc07-4c9c-4a7d-9c04-4340604aed4c,ed5f0f17-ce38-463b-ad8a-526484f8f045,Bumbly Bear,MEDIUM,15.0,6.0,43.0,In Stock,2024-01-07 18:52:31
b9db0b00-cc6a-4df8-bce2-af86ed38e113,ed5f0f17-ce38-463b-ad8a-526484f8f045,Bumbly Bear,SMALL,11.0,4.0,28.0,More on the way,2024-01-07 18:52:31
fe0ba99e-e357-4200-ac36-17888367122e,16fdd582-b8e7-4f49-90e8-0addab327346,The Magic Bunny Book and Bashful Cottontail Bunny,MEDIUM,,,43.0,In Stock,2024-01-07 18:52:33
63c0ce8e-7529-40ba-84f5-aa40ba4fb7d8,92834c26-bd4e-443f-9d09-bea7d81be9cd,Bashful Unicorn,MEDIUM,12.0,5.0,28.0,In Stock,2024-01-07 18:52:35
99df41e9-0261-4ac4-a3b8-4a4a554817e0,92834c26-bd4e-443f-9d09-bea7d81be9cd,Bashful Unicorn,SMALL,7.0,4.0,18.0,In Stock,2024-01-07 18:52:35
4bb30750-1bb1-429e-b111-4de21d9f339c,45598476-b543-48d8-8ed3-5b6cf2658799,Fuddlewuddle Monkey,MEDIUM,9.0,5.0,30.0,In Stock,2024-01-07 18:52:36
f0750def-7cab-4a6f-a781-49915c85a46c,157d311c-a781-459e-9f48-8510f91405d9,Bashful Beige Bunny Grabber,ONE SIZE,7.0,3.0,15.0,In Stock,2024-01-07 18:52:38
26287d38-2553-49e6-89d2-b17c2f55ce4b,7027fb1a-cfac-4c02-be11-5067af74dc12,If I Were A Rabbit Book,ONE SIZE,6.0,6.0,13.5,In Stock,2024-01-07 18:52:40
54d670af-b6bd-4e2d-a417-baf3a9838e8f,3bf31966-b32b-4bc7-86a1-f277abdb936f,If I Were A Rabbit Book and Bashful Tulip Bunny,SMALL,,,31.5,In Stock,2024-01-07 18:52:42
a38e6cf2-93ca-485d-b783-0b08b481bdb8,d4d0edf6-f3ca-4cdb-bfa5-8b39d882896a,Fuddlewuddle Lion,HUGE,17.0,9.0,69.0,Out of stock,2024-01-07 18:52:44
f3bf92ba-b1dc-43a5-ad59-1ab60db9d893,d4d0edf6-f3ca-4cdb-bfa5-8b39d882896a,Fuddlewuddle Lion,LARGE,12.0,6.0,50.0,More on the way,2024-01-07 18:52:44
b26519c8-2d44-476d-92c1-46e4b3f7ddfb,d4d0edf6-f3ca-4cdb-bfa5-8b39d882896a,Fuddlewuddle Lion,MEDIUM,9.0,5.0,30.0,In Stock,2024-01-07 18:52:44
ccfe6e34-cac1-4a48-b065-94be92ea20b2,8b4d47da-f879-43d6-a2ff-52c9db65ab61,Bartholomew Bear,REALLY BIG,22.0,13.0,140.0,In Stock,2024-01-07 18:52:46
8b4b10fc-26b0-4393-8610-35a91d2fbc2e,8b4d47da-f879-43d6-a2ff-52c9db65ab61,Bartholomew Bear,HUGE,19.0,7.0,55.0,In Stock,2024-01-07 18:52:46
a0692ff6-1ff1-482f-9709-3d8f1af5e0a3,8b4d47da-f879-43d6-a2ff-52c9db65ab61,Bartholomew Bear,LARGE,14.0,7.0,40.0,In Stock,2024-01-07 18:52:46
24fa14f1-854c-411d-8697-15d843f7c1ec,8b4d47da-f879-43d6-a2ff-52c9db65ab61,Bartholomew Bear,MEDIUM,11.0,5.0,28.0,More on the way,2024-01-07 18:52:46
6e97ed91-c814-4b90-b169-5bcce2c709c9,8b4d47da-f879-43d6-a2ff-52c9db65ab61,Bartholomew Bear,TINY,6.0,3.0,18.5,In Stock,2024-01-07 18:52:46
3a26707d-d274-4508-8027-9d2b5f0c837e,40d42045-ed92-4a3f-8617-169e64b7665a,Bashful Silver Bunny,VERY BIG,43.0,18.0,275.0,In Stock,2024-01-07 18:52:49
10ee9f39-271a-4cfb-909b-dab4f361f9ab,40d42045-ed92-4a3f-8617-169e64b7665a,Bashful Silver Bunny,REALLY BIG,26.0,11.0,125.0,In Stock,2024-01-07 18:52:49
b769f772-b883-4750-8c30-7f816834acaa,40d42045-ed92-4a3f-8617-169e64b7665a,Bashful Silver Bunny,HUGE,20.0,8.0,80.0,In Stock,2024-01-07 18:52:49
26f1ce1b-f08a-4679-8d09-d6fd0b122d63,40d42045-ed92-4a3f-8617-169e64b7665a,Bashful Silver Bunny,LARGE,14.0,6.0,37.5,Out of stock,2024-01-07 18:52:49
a666cc21-d4c3-45de-aa82-11d057f924b1,40d42045-ed92-4a3f-8617-169e64b7665a,Bashful Silver Bunny,MEDIUM,12.0,5.0,28.0,In Stock,2024-01-07 18:52:49
c481f6ba-02d6-4862-9136-899985aa0ad3,40d42045-ed92-4a3f-8617-169e64b7665a,Bashful Silver Bunny,SMALL,7.0,4.0,18.0,In Stock,2024-01-07 18:52:49
260be948-ddf6-418b-bbde-2fbf380f56ff,5133d231-4f82-4461-84e7-471cf7b92730,Bashful Silver Bunny with Personalised Cream Jumper,MEDIUM,12.0,5.0,38.0,In Stock,2024-01-07 18:52:51
bf90ffa0-0a1a-42b7-891a-1a301c919e8c,8e899753-eb55-497b-a20b-5834accea54f,Bashful Silver Bunny with Personalised Navy Jumper,MEDIUM,12.0,5.0,38.0,In Stock,2024-01-07 18:52:53
d0baa051-3856-4a25-a759-0ddebf423a90,a399cc4d-b660-4c8d-af05-dfce5a9d5eb5,Bashful Silver Bunny with Personalised Red Jumper,MEDIUM,12.0,5.0,38.0,In Stock,2024-01-07 18:52:55
112e496c-87f6-4539-9d43-ac65b346a480,644871c4-a44e-49c3-90de-e544ae2167b8,Personalised Bashful Silver Bunny Medium,MEDIUM,12.0,5.0,34.0,In Stock,2024-01-07 18:52:57
fd9e3589-4ef4-42d7-81a4-5f875d7cc1ee,0826b40f-5ff3-4bb2-8275-b484f9390aa7,Bashful Cottontail Bunny,VERY BIG,43.0,18.0,275.0,In Stock,2024-01-07 18:52:59
f2811abb-6a0b-4a2c-b42a-edb7b4eb31bc,0826b40f-5ff3-4bb2-8275-b484f9390aa7,Bashful Cottontail Bunny,REALLY BIG,26.0,12.0,125.0,In Stock,2024-01-07 18:52:59
4a6d925e-c63a-40f5-b3a8-b856d8de67e9,0826b40f-5ff3-4bb2-8275-b484f9390aa7,Bashful Cottontail Bunny,MEDIUM,12.0,5.0,28.0,In Stock,2024-01-07 18:52:59
5ab86f0a-a6b5-4061-81b6-658bde9c1bf1,0826b40f-5ff3-4bb2-8275-b484f9390aa7,Bashful Cottontail Bunny,SMALL,7.0,4.0,17.5,Out of stock,2024-01-07 18:52:59
e2243850-4b92-42d7-84bc-c0a86535b430,310f2297-aa64-4d32-8e2f-1df2c24050fe,Blossom Cream Bunny,LARGE,14.0,6.0,43.0,Out of stock,2024-01-07 18:53:01
c690d750-bf22-42bf-aff3-e9ae95e5bbb8,310f2297-aa64-4d32-8e2f-1df2c24050fe,Blossom Cream Bunny,MEDIUM,12.0,5.0,28.0,Returning to stock 3-4 weeks,2024-01-07 18:53:01
888fe596-affb-4f16-aa9d-94fb52ff2d74,310f2297-aa64-4d32-8e2f-1df2c24050fe,Blossom Cream Bunny,SMALL,7.0,4.0,18.0,In Stock,2024-01-07 18:53:01
71195a85-eb8a-4719-876d-c35b2abef777,6006d81f-c380-4dba-951d-85ccb40ffef6,Bashful Cottontail Bunny with Personalised Cream Jumper,MEDIUM,12.0,5.0,38.0,In Stock,2024-01-07 18:53:03
3e4e1b06-6b96-4af3-a523-06eddd6f0ce3,6e448262-d70e-4454-9b80-c60dc10ee7bc,Bashful Cottontail Bunny with Personalised Navy Jumper,MEDIUM,12.0,5.0,38.0,In Stock,2024-01-07 18:53:05
ce2d3f69-6d88-4923-8fb4-d04bcd2c1bf7,bb337f98-be3a-429c-b958-3a8ac6608743,Bashful Cottontail Bunny with Personalised Red Jumper,MEDIUM,12.0,5.0,38.0,In Stock,2024-01-07 18:53:07
23fcdcfb-c928-4034-96aa-2f7df16b8917,42415b56-a59c-4542-8aec-6c52c781c35e,Personalised Bashful Cottontail Bunny Medium,MEDIUM,12.0,5.0,34.0,In Stock,2024-01-07 18:53:10
6ee1d090-773a-4742-a97e-bbd3dbd01836,1bc5c147-897b-4cee-8059-4edc2b354bb4,Bashful Monkey Soother,ONE SIZE,13.0,13.0,25.0,In Stock,2024-01-07 18:53:11
6f7ec3d4-8cfb-4782-83db-7b4361b45ccb,6e7c9fad-258f-4b6a-bc41-8662f5f0efb1,Bashful Black & Cream Puppy,VERY BIG,43.0,18.0,275.0,In Stock,2024-01-07 18:53:13
b4b3134b-7412-4179-bf33-0aca59772b52,6e7c9fad-258f-4b6a-bc41-8662f5f0efb1,Bashful Black & Cream Puppy,MEDIUM,12.0,5.0,28.0,In Stock,2024-01-07 18:53:13
fdbccea6-7ddc-4f35-9c24-f3bc1b124ef5,6e7c9fad-258f-4b6a-bc41-8662f5f0efb1,Bashful Black & Cream Puppy,SMALL,7.0,4.0,18.0,In Stock,2024-01-07 18:53:13
a87953a6-b4c6-4348-8bb4-692f84f7e4d7,4be1ef60-8e9a-4435-aa1c-4b63c96113be,Bashful Blue Bunny,HUGE,20.0,8.0,67.5,Out of stock,2024-01-07 18:53:16
a0f0861a-4fab-4e35-aa9d-c2e9f57d2118,4be1ef60-8e9a-4435-aa1c-4b63c96113be,Bashful Blue Bunny,MEDIUM,12.0,5.0,28.0,In Stock,2024-01-07 18:53:16
abb30fe7-a6df-454e-b844-171cd4eaf27b,4be1ef60-8e9a-4435-aa1c-4b63c96113be,Bashful Blue Bunny,TINY,5.0,2.0,10.0,Out of stock,2024-01-07 18:53:16
ebcaaa63-5fe9-4662-b9a4-1421b9117b00,fb56e132-cd32-46a8-8072-b0b16c6e0800,Bashful Pink Bunny,HUGE,20.0,8.0,67.5,Out of stock,2024-01-07 18:53:18
17797fa4-1ccb-48b2-b784-986fbf24601d,fb56e132-cd32-46a8-8072-b0b16c6e0800,Bashful Pink Bunny,LARGE,14.0,6.0,43.0,Out of stock,2024-01-07 18:53:18
83b0ac60-cee3-447d-a656-c525c6646f73,fb56e132-cd32-46a8-8072-b0b16c6e0800,Bashful Pink Bunny,MEDIUM,12.0,5.0,28.0,In Stock,2024-01-07 18:53:18
8a81e202-8d62-4152-8865-2878407ba16d,fb56e132-cd32-46a8-8072-b0b16c6e0800,Bashful Pink Bunny,TINY,5.0,2.0,10.0,Out of stock,2024-01-07 18:53:18
cb2f6e65-58d6-448f-8532-7f59ff581ac1,c7658d88-d930-48de-bb3d-e8021664227e,Fuddlewuddle Puppy,MEDIUM,9.0,5.0,30.0,In Stock,2024-01-07 18:53:20
081b6959-dbc3-4655-93fc-b8d837e963fd,9f65e090-994e-4172-9a3b-2c88b65b4703,Bashful Black & Cream Puppy with Personalised Cream Jumper,MEDIUM,12.0,5.0,38.0,In Stock,2024-01-07 18:53:22
ffae82c8-ea99-4cc9-9f9d-c7dcb2df8859,89341d84-d1f6-4bdb-8d96-625577f555d0,Bashful Blue Bunny with Personalised Cream Jumper,MEDIUM,12.0,5.0,38.0,In Stock,2024-01-07 18:53:24
74e8c51f-cb29-4810-933f-c1d98e1634f6,871452d8-6ea1-4d6d-af46-8b852d28f4a0,Bashful Pink Bunny with Personalised Cream Jumper,MEDIUM,12.0,5.0,38.0,In Stock,2024-01-07 18:53:26
81d99fc6-4570-4088-8f84-222d5d5e9e9c,1aa07380-48c2-4dcf-be98-1d16115b4e15,Bashful Black & Cream Puppy with Personalised Navy Jumper,MEDIUM,12.0,5.0,38.0,In Stock,2024-01-07 18:53:28
d10d926c-d71a-4282-8a86-1dd972641dae,9eb32c84-1067-4c0a-b5d3-5b199820e014,Bashful Blue Bunny with Personalised Navy Jumper,MEDIUM,12.0,5.0,38.0,In Stock,2024-01-07 18:53:30
c0685778-b26b-40bc-b6a3-a66b46c48322,310db633-1da1-42f1-b600-71c6a7d43fde,Bashful Pink Bunny with Personalised Navy Jumper,MEDIUM,12.0,5.0,38.0,In Stock,2024-01-07 18:53:31
ab46c351-e75b-476b-aa18-3a9ac6aa768b,df302b15-3ace-4f62-bcd6-6a82e86dd7ae,Bashful Black & Cream Puppy with Personalised Red Jumper,MEDIUM,12.0,5.0,38.0,In Stock,2024-01-07 18:53:34
c7019b20-0361-4124-af57-501c85e0b107,a524c991-5fa7-4c3d-af64-68cd8660f807,Bashful Blue Bunny with Personalised Red Jumper,MEDIUM,12.0,5.0,38.0,In Stock,2024-01-07 18:53:35
f5ba47b1-7339-4e02-b3f8-e9ad2610e50a,0842b91d-b6d8-47cb-a535-2ef0fe3f0df7,Bashful Pink Bunny with Personalised Red Jumper,MEDIUM,12.0,5.0,38.0,In Stock,2024-01-07 18:53:37
9a685c51-e236-4d6b-8e24-cf114a10788b,a0b4c074-2dbb-45d1-ba98-6f16efbbd5bd,Personalised Bashful Blue Bunny Medium,MEDIUM,12.0,5.0,34.0,In Stock,2024-01-07 18:53:40
e9fcf35d-4fca-4ab6-a2a7-2a8374cc7459,ba8e5153-eb6b-4490-a981-20aabda75e86,Bashful Pink Bunny Rattle,SMALL,7.0,4.0,15.0,In Stock,2024-01-07 18:53:41
e95f8dc0-fe03-4c72-8fda-de4058dae440,1c1bde6c-9597-49fd-b4b7-16a3ea6b5d9b,Bashful Pink Bunny Soother,ONE SIZE,13.0,13.0,25.0,In Stock,2024-01-07 18:53:43
e6344ef8-a02c-4983-a3cc-dca024782fb0,cb5a1cc5-39fa-40ea-b493-297aaa50f711,Personalised Bashful Cream Bunny Huge,HUGE,20.0,8.0,86.0,In Stock,2024-01-07 18:53:45
01b49da5-a5f3-4aaa-8a95-d23204557caa,0db5ebf3-09c2-46ac-9d1f-3822f7395502,Edward Bear,MEDIUM,13.0,6.0,30.0,In Stock,2024-01-07 18:53:47
d248c2ed-7353-4026-94c7-b0f20ee3fca4,0db5ebf3-09c2-46ac-9d1f-3822f7395502,Edward Bear,SMALL,10.0,5.0,23.0,Out of stock,2024-01-07 18:53:47
61fa95f0-118d-492c-8648-9846293da3f7,62a8e1a4-d237-40dd-947c-c0033d243b31,Personalised Bashful Beige Bunny Huge,HUGE,20.0,8.0,86.0,In Stock,2024-01-07 18:53:49
759bcb57-c191-422c-882f-7dc082ff2a2b,8c17802a-cad0-4b02-9326-fca287a68da3,Bashful Beige Bunny,VERY BIG,43.0,18.0,275.0,In Stock,2024-01-07 18:53:52
e684a3b6-c2eb-4517-85d2-31b36846e7fb,8c17802a-cad0-4b02-9326-fca287a68da3,Bashful Beige Bunny,REALLY BIG,26.0,12.0,125.0,In Stock,2024-01-07 18:53:52
76c2fecd-58f4-4a12-9aea-b5f9a1d909ad,8c17802a-cad0-4b02-9326-fca287a68da3,Bashful Beige Bunny,HUGE,20.0,8.0,80.0,In Stock,2024-01-07 18:53:52
955dbfcb-c731-43e1-9921-6dd4d9ba3394,8c17802a-cad0-4b02-9326-fca287a68da3,Bashful Beige Bunny,LARGE,14.0,6.0,43.0,In Stock,2024-01-07 18:53:52
ae3194ce-0422-4706-b74d-5b799348c849,8c17802a-cad0-4b02-9326-fca287a68da3,Bashful Beige Bunny,MEDIUM,12.0,5.0,28.0,Out of stock,2024-01-07 18:53:52
66909939-7e9a-440e-9a45-513439a18e9d,8c17802a-cad0-4b02-9326-fca287a68da3,Bashful Beige Bunny,SMALL,7.0,4.0,18.0,In Stock,2024-01-07 18:53:52
9d98c397-c69a-400f-893a-c29b089b4f6b,8c17802a-cad0-4b02-9326-fca287a68da3,Bashful Beige Bunny,TINY,5.0,2.0,14.0,In Stock,2024-01-07 18:53:52
493712bc-a932-401e-a551-fa0d8f3e519c,43792bcc-e506-4794-8df8-69713a4cd8f8,Bashful Cream Bunny,VERY BIG,43.0,18.0,275.0,Returning to stock 2-3 months,2024-01-07 18:53:55
2fc41233-f854-4141-8e60-644657e03da0,43792bcc-e506-4794-8df8-69713a4cd8f8,Bashful Cream Bunny,REALLY BIG,26.0,11.0,125.0,In Stock,2024-01-07 18:53:55
a4a42a05-452f-47eb-a5af-eb3a5c387ce9,43792bcc-e506-4794-8df8-69713a4cd8f8,Bashful Cream Bunny,HUGE,20.0,8.0,80.0,In Stock,2024-01-07 18:53:55
4b91226c-b503-4a91-baa3-d91621914071,43792bcc-e506-4794-8df8-69713a4cd8f8,Bashful Cream Bunny,LARGE,14.0,6.0,43.0,In Stock,2024-01-07 18:53:55
4c28d4e1-cc39-4186-86ac-7a9775c6ba68,43792bcc-e506-4794-8df8-69713a4cd8f8,Bashful Cream Bunny,MEDIUM,12.0,5.0,28.0,Returning to stock 2-3 months,2024-01-07 18:53:55
3126b7d2-5fe4-46df-b8aa-e2b9f4063adc,43792bcc-e506-4794-8df8-69713a4cd8f8,Bashful Cream Bunny,SMALL,7.0,4.0,18.0,In Stock,2024-01-07 18:53:55
5aed4337-bd0c-4060-b04e-1c33a7f0c33c,43792bcc-e506-4794-8df8-69713a4cd8f8,Bashful Cream Bunny,TINY,5.0,2.0,14.0,Out of stock,2024-01-07 18:53:55
48b09170-4796-47e2-a4f4-cd11c623d4a7,b5788b5c-1aa0-42bd-973c-a846ecce903d,Personalised Rose Dragon Huge,HUGE,7.0,26.0,126.0,In Stock,2024-01-07 18:53:57
85a450a1-f56d-4f67-b2b5-f5f65edde4f4,c8ee7305-f0c7-4d66-82a9-798ff9a717cf,Personalised Bashful Pink Bunny Soother,ONE SIZE,13.0,13.0,31.0,In Stock,2024-01-07 18:53:59
28b20e1d-3262-4e78-aeca-88902e52348f,7c453be5-a99d-403a-93dd-3a77161872da,Rory Le Courageux Petit Lion & Fuddlewuddle Lion,MEDIUM,,,45.0,In Stock,2024-01-07 18:54:00
835a3f6b-e05f-4b53-9de3-872f8ee24a7a,937ba044-d706-44ab-819a-3d5ef2c67e54,All Kinds of Cats Book and Jellycat Jack,MEDIUM,,,60.0,In Stock,2024-01-07 18:54:02
026cbf8e-15f2-4786-a6c9-74b5faecfc51,d9023272-87dc-4c85-9eab-ff3a8e0ead2b,Lottie Fairy Bunny Book and Lottie Bunny Fairy,ONE SIZE,,,47.5,In Stock,2024-01-07 18:54:03
f1af0441-beec-4747-aa13-c1b0f3d51310,8b76119c-d8e5-44c4-ae6f-d423d952e288,Lapin Timide Veille Sur Tes Nuits & Bashful Cottontail Bunny,MEDIUM,,,43.0,In Stock,2024-01-07 18:54:05
0958ca4a-0a87-4946-a3ec-bf6c6b120b1f,7b7eed10-e8fc-494e-80d6-10a1895c446c,Merry Mouse Book and Merry Mouse,ONE SIZE,,,42.5,In Stock,2024-01-07 18:54:06
f16e512e-bc67-4dbb-a49f-361800657505,01b89dbb-da63-4f05-8a39-ebd3c81af32a,Lapin Timide Veut Grandir & Bashful Cream Bunny,MEDIUM,,,43.0,In Stock,2024-01-07 18:54:08
85a7c539-c035-454f-86ab-bccf09b6538a,bc41ba39-22f7-486f-bea8-11089e20b3fc,Festival Dragon,ONE SIZE,4.0,17.0,55.0,Returning to stock next week,2024-01-07 18:54:09
fce19fd0-269d-412e-91ec-0e21790f8269,473d4225-62eb-48c5-8b4e-9ba3ebebbd2f,Archie Dinosaur,ONE SIZE,9.0,6.0,35.0,More on the way,2024-01-07 18:54:11
bb8098cd-7911-4af4-b2de-f66878e3b0eb,fec4fd8b-c3ea-47cd-ba53-2f8d1c0f07f1,Bashful Grey Kitty,MEDIUM,12.0,5.0,28.0,More on the way,2024-01-07 18:54:13
50ebc57e-e9fe-426d-b850-f06cdff8c0c7,f2642d7b-c973-423a-a25b-aa1aa355a29e,If I Were a Bunny Board Book,ONE SIZE,6.0,6.0,13.5,Returning to stock 2-3 months,2024-01-07 18:54:14
b31b7790-e9f3-4d79-9059-2826ae555ec6,245ba4a1-6f46-415e-9ab1-965dba9d5f83,Blossom Beige Bunny Bag Charm,ONE SIZE,7.0,2.0,23.0,More on the way,2024-01-07 18:54:16
2494d899-cdae-4593-aff1-da5286aabcdd,670738a3-e369-44c6-9138-bb6c52a71bf9,Blossom Blush Bunny Bag Charm,ONE SIZE,7.0,2.0,23.0,More on the way,2024-01-07 18:54:18
89aad84f-10ca-4fba-9ce4-ea507102643a,9556d15d-ae00-4375-9e62-d54e9b6a297b,Blossom Jasmine Bunny Bag Charm,ONE SIZE,7.0,2.0,23.0,More on the way,2024-01-07 18:54:19
9dccf3ed-cb97-4e5a-9058-fda393c965c9,41da1b18-03d3-47e1-ba60-4113d022a545,Backpack Panda,ONE SIZE,9.0,4.0,30.0,More on the way,2024-01-07 18:54:21
aff50197-5e36-42eb-908c-e658b5779731,4ce23dfc-2392-42aa-b2f2-c20ef8533bf8,Caboodle Puppy,ONE SIZE,4.0,4.0,20.0,More on the way,2024-01-07 18:54:22
656bcfec-cd7b-4173-98f9-75844dc58d13,994f0019-ffc5-4521-bb26-3d2289faa3b5,Carissa Persian Cat,ONE SIZE,10.0,10.0,45.0,Returning to stock 2-3 months,2024-01-07 18:54:24
730a106e-6c71-47bf-9e67-fdd10559976c,4bf65ce7-6749-4468-822a-02d191e9d8ce,Clyde Capybara,ONE SIZE,8.0,9.0,43.0,Out of stock,2024-01-07 18:54:26
edbc1a27-2040-4c22-852f-3ad7c77df8a5,c3ba657f-f9ff-46db-aaf6-2b78b4bf7fa1,Dara Giraffe,ONE SIZE,22.0,7.0,75.0,More on the way,2024-01-07 18:54:28
82426e06-ec28-49a9-a8dc-3c004622dc87,032e8880-7d53-450e-8cbe-b87436773cf1,Dario Donkey,ONE SIZE,14.0,7.0,60.0,More on the way,2024-01-07 18:54:29
023fec6f-2033-419c-858d-644a70478be9,707f164e-e280-496c-bb41-85826748f0e8,Fuddlewuddle Ginger Cat,MEDIUM,9.0,5.0,30.0,More on the way,2024-01-07 18:54:31
8a3c0b15-e7c7-4b5c-bb83-bfa5603f121d,6ffa8828-1f48-4de2-861f-77c9b9ec71a1,Gordy Guinea Pig,ONE SIZE,8.0,6.0,30.0,More on the way,2024-01-07 18:54:33
4cf78a4d-ff19-4add-9fa7-2d0e460ef4bd,70ce2ee9-9ce9-4cc3-8f7a-dd2c11da9354,Huddles Kangaroo,ONE SIZE,10.0,6.0,45.0,Returning to stock 2-3 months,2024-01-07 18:54:34
632d0b1e-54b4-42bd-accc-c77c7a7f26fe,e0e87ba8-3462-4438-a20c-a5efc7610972,Iris Siamese Cat,ONE SIZE,11.0,5.0,33.0,More on the way,2024-01-07 18:54:36
7dd15e11-3c4c-44d1-bb43-7ead1ca50ba6,3087c24c-cd1e-4e09-b335-f740d66f4a45,Little Goat,ONE SIZE,7.0,4.0,22.0,More on the way,2024-01-07 18:54:38
72b788ea-98a1-422a-8d0f-8906d5da00e9,fce0c156-2d9a-44e7-b019-5b75f0024d88,Little Pig Bag,ONE SIZE,7.0,7.0,40.0,Returning to stock 2-3 months,2024-01-07 18:54:39
b4fb0a84-ab18-4175-88b8-f59147104ff6,9cb5d351-ebc2-4b36-8310-7c0e79a05ff4,Little Pup Bag Charm,ONE SIZE,7.0,2.0,25.0,More on the way,2024-01-07 18:54:41
f84b9ecd-0ab2-462c-bcff-65727c0c5f38,7ba6fb02-90ef-4020-b8ab-60c150b34a10,Randall Basset Hound,ONE SIZE,9.0,13.0,35.0,More on the way,2024-01-07 18:54:43
3ff32772-1a9c-4bdc-a625-f1e1411a369e,85e4c559-fab8-4fec-8f7e-d4b22a6e3ac2,Richie Dromedary,ONE SIZE,11.0,17.0,60.0,More on the way,2024-01-07 18:54:44
8ad0a1eb-33b5-4b22-ac31-0a3f6d526f6a,046a442a-bcda-4d39-9600-9cc1494adb10,Tilly Golden Retriever,ONE SIZE,11.0,6.0,35.0,More on the way,2024-01-07 18:54:46
c7da6730-c3f0-4c84-8642-0573e835ce18,d5f9e70e-36d1-43af-a87e-72a67806812f,Wanderlust Elly,ONE SIZE,7.0,14.0,100.0,More on the way,2024-01-07 18:54:47
f0002447-1972-485b-8a05-632b36deea76,2a4daaff-89c3-4790-85e9-abadec54b5b5,Yummy Puppy,ONE SIZE,6.0,3.0,20.0,Returning to stock 2-3 months,2024-01-07 18:54:49
dcee8599-7423-4f77-9602-db29c4565446,6bac5d48-fe98-4aed-8cc8-705464c89119,Dainty Dessert Bunny Cupcake,ONE SIZE,6.0,4.0,28.0,Returning to stock 2-3 months,2024-01-07 18:54:50
84351f9c-dfca-4021-b77e-263556c99f37,eeea35dd-8b91-4f7d-a710-ef1e6afde9aa,Fluffy Duck,ONE SIZE,4.0,2.0,15.0,Returning to stock 2-3 months,2024-01-07 18:54:52
1acbb464-fdbd-45c2-8320-7cce54da2b56,f8c7c160-52b7-487f-912b-078d9664a85e,Finnegan Frog,ONE SIZE,9.0,3.0,20.0,More on the way,2024-01-07 18:54:54
d4a568e6-f0c6-4eb7-9dc3-7f5a069e23b0,66b70f82-e7bc-4908-ac51-b0a3bacc1eee,Honeyhome Bee,ONE SIZE,7.0,7.0,35.0,More on the way,2024-01-07 18:54:55
e2911335-187d-4c13-8cd3-7f2851efa43b,a1ed4310-2d50-4789-b137-e7de15cbd4b2,Smudge Rabbit Big,BIG,6.0,17.0,75.0,More on the way,2024-01-07 18:54:57
68a1b919-5ebb-4ea1-9d98-173c12c95c35,978a320c-852f-4576-ba34-c8ef4ddae158,Bartholomew Bear Bag,ONE SIZE,6.0,7.0,38.0,Returning to stock 3-4 weeks,2024-01-07 18:54:58
8788133c-d91a-41af-bd3c-a8fc226497cc,92574676-4691-43b3-8190-7bf1b46c5729,Bashful Bunny Cream Bag Charm,ONE SIZE,7.0,2.0,19.0,Out of stock,2024-01-07 18:55:00
557be48b-2a3d-4302-9d00-99529b014531,6dc916cf-6a47-43be-a44f-d1a6f2cd131f,Bashful Bunny Truffle Bag Charm,ONE SIZE,7.0,2.0,19.0,More on the way,2024-01-07 18:55:02
795a0f18-8218-4810-a42b-1b78b8a38f8f,46ac0247-5d47-4ef3-926b-c02775e26c3d,Bashful Bunny Inky Bag Charm,ONE SIZE,7.0,2.0,19.0,More on the way,2024-01-07 18:55:04
060927de-364a-4a78-9c0f-720711165d30,99831086-0909-402d-8934-255b06b7118e,Kitten Tails Activity Book,ONE SIZE,9.0,5.0,18.5,More on the way,2024-01-07 18:55:05
bbdf5e78-27c1-4ada-86ef-888428869219,58f59c73-402f-4eed-96a2-05e51c830a78,When I Am Sleepy Book,ONE SIZE,8.0,8.0,15.0,Returning to stock 3-4 weeks,2024-01-07 18:55:07
e02378e6-14b6-44e1-a638-963cefb202a0,1dd6f84d-0ae2-4973-a8fe-db3b7059834b,Backpack Puppy,ONE SIZE,9.0,4.0,30.0,More on the way,2024-01-07 18:55:08
e0a9b87f-25b1-4e22-b735-222c99bd7d3c,69b707c8-b17d-423b-89cc-94234a228c33,Caractacus Chameleon,ONE SIZE,15.0,7.0,65.0,More on the way,2024-01-07 18:55:10
c447c520-e6a5-4ea9-a3d8-6cadab759141,8f4cc029-76b4-462e-ac33-0eb82918243a,Cauldron Cuties,ONE SIZE,6.0,5.0,35.0,More on the way,2024-01-07 18:55:11
840dd299-bd46-4690-970a-d9aadf50927e,bc14b5aa-bbc2-4635-b641-6a8f9ea34cb1,Coquette Cutie Cat,ONE SIZE,10.0,2.0,32.5,More on the way,2024-01-07 18:55:13
f3e686ae-31a0-4944-b6d1-b7ee9544438b,c6456e37-172e-46ff-b9e3-a5329f76e355,Daphne Pomeranian,ONE SIZE,9.0,8.0,33.0,More on the way,2024-01-07 18:55:15
c5966130-3b70-48fd-8c71-14f3a568a66e,b9c45214-0362-4dcd-9b59-061d9b3a0e25,Floofie St Bernard,ONE SIZE,7.0,16.0,80.0,More on the way,2024-01-07 18:55:16
802f9592-6301-48a5-9fcc-c850f9191e92,3b7d6954-7b4e-44b6-b67b-be7c6368dc29,Freya Pony,ONE SIZE,13.0,13.0,65.0,More on the way,2024-01-07 18:55:18
3416fc20-3675-43a7-92ee-4c05fef6b835,e271fc37-bc4d-4d67-9295-04c469682845,Georgiana Poodle,ONE SIZE,9.0,5.0,33.0,More on the way,2024-01-07 18:55:19
70a5373c-3ce7-4acc-bd54-d4a9719d72f5,0d4e7646-c49f-4be8-8204-2d85a1c6ad96,Jackson Husky,ONE SIZE,10.0,6.0,35.0,More on the way,2024-01-07 18:55:21
81419059-b004-4db9-a780-6b2906af072d,fdc990fa-1e70-47d2-a350-8cb0c180cf4e,Kitten Caboodle Grey,ONE SIZE,4.0,4.0,20.0,Returning to stock 3-4 weeks,2024-01-07 18:55:22
f20e1a2e-7461-4ee5-a34c-b00d7ee2dd64,c8f8b9db-46fc-441a-b9a5-1808646d58d4,Little Snake,ONE SIZE,6.0,8.0,22.0,Returning to stock 2-3 months,2024-01-07 18:55:25
71821217-1e78-4bd8-b5b3-ec405384086a,4f9757a9-63b2-416e-bbd9-174d0d91e8f7,Munro Scottie Dog Bag Charm,ONE SIZE,4.0,2.0,23.0,Returning to stock 2-3 months,2024-01-07 18:55:26
62c8d97f-9a22-4811-a8fe-a47099bf9886,6c82be5e-a0d5-4c5b-95f2-af102eb271f4,Munro Scottie Dog Bag,ONE SIZE,9.0,5.0,40.0,Out of stock,2024-01-07 18:55:28
ddf74edb-6644-431e-8721-99c6a1478e71,a881ec0c-e4a8-411f-9e6d-93f8ce884337,Myrtle Hippopotamus,ONE SIZE,15.0,6.0,45.0,More on the way,2024-01-07 18:55:30
4fe51dfd-3877-4f39-a12a-bf867befa330,534974fd-9412-4fc3-a41a-b8339d78c07c,Nessie Nessa,ONE SIZE,9.0,14.0,30.0,Out of stock,2024-01-07 18:55:31
13a01553-2aa2-43c6-ad25-ac089873281a,7f169a00-ba66-4318-a7a9-3895be0d2678,Ooky Bat,ONE SIZE,6.0,2.0,20.0,More on the way,2024-01-07 18:55:33
f9a884e6-1083-4d3e-bc8b-5e6538bb274e,a75ed66d-db17-43c9-8e6d-97fe0d4e7915,Otto Sausage Dog Bag,ONE SIZE,6.0,9.0,40.0,Returning to stock 3-4 weeks,2024-01-07 18:55:35
157ff100-9334-4439-a10b-fcd960e81a4b,58fd42cc-f8a6-4322-9d0d-29318221668f,Ricky Rain Frog Bag Charm,ONE SIZE,3.0,3.0,23.0,Returning to stock 3-4 weeks,2024-01-07 18:55:36
e47509ec-52f0-4ce0-907c-ff363f8b21ae,5e0f466b-30b7-4024-9db3-6ca84f4110c9,Yummy Bear,ONE SIZE,6.0,3.0,20.0,More on the way,2024-01-07 18:55:38
eb7d0e9f-045d-46a3-947d-bd0d07c5de82,d8879969-f081-4c7a-8efa-c44fd0d7211e,Birdling Seagull,ONE SIZE,4.0,3.0,17.0,More on the way,2024-01-07 18:55:39
95a713b5-e1aa-496c-a43d-60f928b37f3f,a8eeac52-d1b0-498f-a210-f614dfefc81a,Little Reindeer,ONE SIZE,7.0,4.0,20.0,More on the way,2024-01-07 18:55:42
906ffb10-85ea-4677-9a4d-318609943e32,0b2ed95b-95b7-46b5-9520-72115e2bb599,Merry Mouse Sleighing,ONE SIZE,7.0,4.0,42.5,Out of stock,2024-01-07 18:55:44
cdee812b-a981-4a51-89e3-2c40f3a6e707,e9fb3e06-78cc-47e6-8c67-8c8b007d7219,Nesting Penguins,ONE SIZE,4.0,5.0,35.0,More on the way,2024-01-07 18:55:46
7340d8b8-ade6-4591-accc-05e661ec49a3,8c9482ea-ee9a-4a5a-b3f6-94416c84b52c,Ronnie Rockhopper Penguin,ONE SIZE,10.0,4.0,25.0,More on the way,2024-01-07 18:55:47
7e4e8429-007c-467f-9dee-83a489976493,d0ae3394-4904-42cb-8663-108da3b03438,Wee Reindeer,ONE SIZE,5.0,3.0,17.5,Out of stock,2024-01-07 18:55:49
37b5ac02-95ea-46a8-84b1-003274911108,a9ac3d8d-0676-4d7d-b352-f07aa353da46,Bartholomew Bear Bag Charm,ONE SIZE,5.0,2.0,23.0,Out of stock,2024-01-07 18:55:51
cbe5c810-efa0-495a-95b9-897aca290059,ee7af603-5604-4be0-8b18-66246fdd1aee,Blowzy Belle Cat,ONE SIZE,17.0,4.0,37.5,More on the way,2024-01-07 18:55:52
2c960e56-8497-41ab-9a66-b075803769d0,1e8b9037-c97c-4d46-b79b-9a0c9c699bbe,Fuzzkin Lamb,ONE SIZE,9.0,4.0,25.0,More on the way,2024-01-07 18:55:54
a7e30083-bb78-4c02-bcbc-8f6f726343a6,911bc018-90b1-4290-9c3c-7478aa66d3e1,Herbie Highland Cow,ONE SIZE,10.0,6.0,35.0,More on the way,2024-01-07 18:55:56
def224a2-c460-4fa4-bfa9-afd93b09070c,3934f951-9f2c-4caa-b863-6bebceb8ac1d,Little Monkey,ONE SIZE,7.0,4.0,22.0,More on the way,2024-01-07 18:55:57
908f0231-f4d0-44df-a781-544fd6c74db9,fffbaeca-3985-444d-8a6e-6d3de3888571,Little Mouse,ONE SIZE,7.0,4.0,22.0,More on the way,2024-01-07 18:55:59
248df789-f864-408b-a07c-46cddd99aeac,b29998e5-03df-4e5f-8ad9-f4249f22af6a,Personalised Bashful Luxe Bunny Rosa Huge,HUGE,20.0,8.0,91.0,More on the way,2024-01-07 18:56:01
9642d9e3-b8e3-4b50-8357-722579ff4948,697384ad-5896-45cc-bea5-bd822bb3becc,Sweetsicle Elephant,ONE SIZE,6.0,3.0,20.0,More on the way,2024-01-07 18:56:02
7090fd11-648c-4988-b534-fed6f82b5c3d,f99294ff-db3a-4e22-9da7-1827f3af26b4,Tumblie Elephant,ONE SIZE,5.0,14.0,30.0,Returning to stock 2-3 months,2024-01-07 18:56:04
9e081cbd-d491-4324-83af-69d9a7c03f1a,97b44bc7-5093-4e53-9ac5-b3c24ceb38b6,Wavelly Whale Blue,ONE SIZE,2.0,6.0,15.0,More on the way,2024-01-07 18:56:05
e2fd8788-826b-4331-9862-8886ac96f55d,1157c35a-69e6-4f5e-8bea-2b25f070c054,Wavelly Whale Grey,ONE SIZE,3.0,5.0,15.0,Returning to stock 2-3 months,2024-01-07 18:56:07
7c4a7d84-2b6e-4723-9bc7-3391328c66cc,c1ea8982-61ab-4946-bc28-8b2f6df654f5,Lottie The Ballet Bunny Book,ONE SIZE,7.0,7.0,15.0,Returning to stock 3-4 weeks,2024-01-07 18:56:09
d4a7471d-9d9c-4cb5-ac5c-542ca2932655,f4b91743-622d-4258-928b-4134ad00df90,Sandy Snail,ONE SIZE,5.0,3.0,27.0,Returning to stock 2-3 months,2024-01-07 18:56:10
dd96790f-ffe8-4fa5-9be7-ba43dc75cb45,5f27f513-357c-499b-a80f-93dfa7539ea6,Yummy Duckling,ONE SIZE,6.0,4.0,20.0,More on the way,2024-01-07 18:56:12
a3a28252-0f47-4afe-a74d-6f2eeade5182,1c1394ab-207b-4ebc-9860-f51d3909258e,Yummy Lamb,ONE SIZE,6.0,4.0,20.0,More on the way,2024-01-07 18:56:13
ab942f85-a4d2-4259-bccb-ba6bd8ee1e3f,5a5287bb-cc99-493c-8fa1-6df5436679da,Amore Dog,ONE SIZE,10.0,7.0,40.0,More on the way,2024-01-07 18:56:15
e7e5cc7a-db75-4b01-8fa7-cdc90eca586b,2b4ef0cb-80b8-45dd-8910-5a74d165465d,Ambrosie Squirrel,ONE SIZE,9.0,4.0,35.0,More on the way,2024-01-07 18:56:16
7f4fb5e7-b2b5-4218-92e0-2419f80c3c4f,cc13230d-fde3-49c7-a56e-af9abd0c6d3c,Archibald Elephant,MEDIUM,10.0,5.0,28.0,Returning to stock 2-3 months,2024-01-07 18:56:18
f4aa9307-5c4a-4e2a-99de-9d5d5f56c067,36fcdec2-f214-476f-a6c1-0718889a3ae7,Barnabus Pig,HUGE,17.0,7.0,55.0,Out of stock,2024-01-07 18:56:20
8c846044-a43b-40ea-8a3b-995b56121dcd,36fcdec2-f214-476f-a6c1-0718889a3ae7,Barnabus Pig,MEDIUM,10.0,5.0,28.0,Returning to stock 2-3 months,2024-01-07 18:56:20
fb5d76a6-68da-4816-ae04-9e2d17630a55,c40f689d-f4bd-45da-ae20-9b08ae76f14c,Bashful Koala,MEDIUM,11.0,5.0,28.0,More on the way,2024-01-07 18:56:22
05f48b78-2dfc-4d7f-81ec-abaf6691e274,dfb682f3-f117-4be9-a348-67625add38e7,Backpack Unicorn,ONE SIZE,9.0,4.0,30.0,More on the way,2024-01-07 18:56:23
7f1f967d-1cbd-4563-a8d0-35b349dbfda5,b5ea1676-19cd-4e50-86e1-a71e036b7023,Floofie Sheepdog,ONE SIZE,10.0,16.0,80.0,More on the way,2024-01-07 18:56:25
fa53eb8d-4c68-4eec-be13-3ed947a0e737,16fb5b62-4bec-473d-8ec8-228941d523f9,Magnus Manatee,ONE SIZE,6.0,14.0,50.0,More on the way,2024-01-07 18:56:26
729dbbda-28b0-4dc0-80e5-e07e10ac096f,83c27b6b-df66-40b9-9075-1a929f2a5b48,Napping Nipper Cat,ONE SIZE,4.0,6.0,25.0,More on the way,2024-01-07 18:56:28
fe1414f4-63dd-416c-929f-74c3c4156fa3,2fa00c30-287a-4f73-95e4-3d63d52eb02f,Otto Sausage Dog,HUGE,11.0,13.0,75.0,Out of stock,2024-01-07 18:56:30
8f16c96e-efe0-48da-a022-d3dd7b251f04,2fa00c30-287a-4f73-95e4-3d63d52eb02f,Otto Sausage Dog,LARGE,7.0,7.0,30.0,More on the way,2024-01-07 18:56:30
3746b9fe-7c72-4170-86f5-65189a6eca7e,2fa00c30-287a-4f73-95e4-3d63d52eb02f,Otto Sausage Dog,SMALL,5.0,7.0,22.0,More on the way,2024-01-07 18:56:30
2254c72b-7443-4ca4-81ee-0144e61f80b9,0f887a12-1a1d-4352-8014-f425abbe9430,Hibernating Penguin,ONE SIZE,5.0,5.0,22.0,More on the way,2024-01-07 18:56:32
d165fbb5-135a-42c4-8897-13a0898ba79a,6a31309a-b0ca-4369-86ec-783ddbf77071,Little Penguin,ONE SIZE,7.0,3.0,22.0,More on the way,2024-01-07 18:56:33
bbdc6781-f431-4d73-92ea-b677954664b9,008185c0-b0af-405c-8fe6-ea55f311101c,Merry Mouse Candy Cane,ONE SIZE,7.0,4.0,27.5,More on the way,2024-01-07 18:56:35
4ed4ee83-62b1-4d4c-af34-868d07baf6c8,30ed35b1-7852-4d17-aa9f-577179633155,Mitzi Reindeer,LARGE,14.0,4.0,50.0,More on the way,2024-01-07 18:56:38
7d46e36d-784f-4189-8334-df01c9f0a0d5,30ed35b1-7852-4d17-aa9f-577179633155,Mitzi Reindeer,MEDIUM,10.0,3.0,32.5,More on the way,2024-01-07 18:56:38
7346ed3f-4926-4d81-95d4-6df72bb8c660,b18b31bb-c769-4928-9c58-f48c8367c6e8,Bashful Black Kitten,MEDIUM,12.0,5.0,28.0,More on the way,2024-01-07 18:56:39
f425ba65-a38f-4d87-b839-6a08c8efec36,457a7880-7d04-47f0-a493-87994e7a4c5c,Bashful Snow Tiger,REALLY BIG,26.0,12.0,125.0,Out of stock,2024-01-07 18:56:41
e76610a0-3733-4f9e-ac86-daad608a48e7,457a7880-7d04-47f0-a493-87994e7a4c5c,Bashful Snow Tiger,HUGE,20.0,8.0,80.0,Out of stock,2024-01-07 18:56:41
60d79bdf-16a6-4266-9d58-84afb81966e1,457a7880-7d04-47f0-a493-87994e7a4c5c,Bashful Snow Tiger,MEDIUM,12.0,5.0,28.0,Returning to stock 3-4 weeks,2024-01-07 18:56:41
a66ec475-9c01-41f5-a9a4-34379daa6f31,c4503292-1726-44d5-bbfc-96222e6c01f1,Birdling Blue Jay,ONE SIZE,4.0,3.0,17.0,More on the way,2024-01-07 18:56:45
0dd4200e-6d02-4769-9ca4-adafb71ea01a,758a31cc-0a3c-4e74-b4b8-1ccac63c2781,Birdling Mallard,ONE SIZE,4.0,3.0,17.0,More on the way,2024-01-07 18:56:47
2734d519-0efd-4085-b9f5-2edcda5ad8a7,e1e537e6-cfc0-4aca-af74-245b748dfc8f,Birdling Pigeon,ONE SIZE,4.0,3.0,17.0,More on the way,2024-01-07 18:56:48
48b71caf-4689-4d9d-8e28-ef450a6340fc,2678fa1c-1e20-44c7-9f11-7855a7b99049,My Dad and Me Book,ONE SIZE,8.0,8.0,15.0,Returning to stock 3-4 weeks,2024-01-07 18:56:50
221ed465-3441-465d-8582-735dc1ed9fa2,f96ca41a-099b-43a6-b4be-b3cdc4a5b4e0,Backpack Elephant,ONE SIZE,9.0,4.0,30.0,More on the way,2024-01-07 18:56:51
048d4aaa-ca87-464e-ad5e-a33f8c337d47,8fcaf88d-d2a5-42fe-ac10-ac9ec9c2357c,Bruce Bush Baby,ONE SIZE,7.0,5.0,27.5,More on the way,2024-01-07 18:56:53
6c5537d1-576c-4de5-b9f0-e9b0601f4e7d,d8f2173a-2375-4e2b-957b-bd9e43e6dce2,Curvie Sheep Dog,ONE SIZE,9.0,6.0,33.0,More on the way,2024-01-07 18:56:55
376d4c1d-82d0-4341-b475-18aaf38cbff6,ebdbee83-d7dd-46da-84cc-54b11ba29d4d,Flumpie Frog,ONE SIZE,7.0,5.0,28.0,More on the way,2024-01-07 18:56:56
1cefcc01-b16a-488c-a65d-764bed789626,30c6fc8e-34e0-4cfa-b36b-217971b1118d,Huggady Panda,LARGE,13.0,7.0,67.5,Out of stock,2024-01-07 18:56:58
a8e78eb1-d6bf-43c8-9375-99d87b9a3b95,30c6fc8e-34e0-4cfa-b36b-217971b1118d,Huggady Panda,MEDIUM,9.0,5.0,30.0,More on the way,2024-01-07 18:56:58
0432445e-bc6e-4e05-9b3a-4ee8230fc8a5,471d7f99-addc-4225-af46-e6766ef2a936,Bashful Snow Tiger with Personalised Cream Jumper,MEDIUM,12.0,5.0,38.0,Returning to stock 3-4 weeks,2024-01-07 18:57:00
25d3ff69-70fd-4fd9-bf3d-ef43f3a91893,f9e83ce4-6812-48d1-9015-dd413284b571,Bashful Snow Tiger with Personalised Navy Jumper,MEDIUM,12.0,5.0,38.0,Returning to stock 3-4 weeks,2024-01-07 18:57:02
b1ea02b3-1aee-41f6-b501-26c5cf2e88c3,53232216-3054-4472-9490-2ab2fee7f49d,Bashful Snow Tiger with Personalised Red Jumper,MEDIUM,12.0,5.0,38.0,Returning to stock 3-4 weeks,2024-01-07 18:57:04
ee095e17-190a-4038-b23a-ad0e1b1f64b9,7593a931-6b82-4e39-99d1-43ab50a526aa,Kitten Caboodle Ginger,ONE SIZE,4.0,4.0,20.0,More on the way,2024-01-07 18:57:06
5c87e8cf-8598-41d4-a167-bff5f224a942,f145244c-9c1b-4888-91a0-87c47605b225,Little Frog,ONE SIZE,7.0,4.0,22.0,More on the way,2024-01-07 18:57:08
979e8d2d-165c-431d-996c-f1ab397412a0,97ff22ff-d955-461d-bf0a-1b8e504fcd06,Munro Scottie Dog,HUGE,17.0,9.0,75.0,Out of stock,2024-01-07 18:57:09
4bffb7b1-1891-4891-9b02-af0a0956dde0,97ff22ff-d955-461d-bf0a-1b8e504fcd06,Munro Scottie Dog,MEDIUM,9.0,5.0,30.0,More on the way,2024-01-07 18:57:09
c66fc1fb-bd6f-4d2c-a45c-6fb3e9e09a2d,e833bb8b-2a8b-4903-b76d-7264de33740a,Pacey Pufferfish,ONE SIZE,6.0,9.0,33.0,Returning to stock 2-3 months,2024-01-07 18:57:11
398a2996-b8f3-445a-968f-60c3c1b25225,75516776-efa6-48f8-8215-f2d23e98d67f,Rock-a-Bye Bunny,ONE SIZE,7.0,4.0,30.0,More on the way,2024-01-07 18:57:13
cd8a6248-010d-4bf6-982f-000a52613a9b,10986b98-6647-4c9a-ae11-8237993dd3b9,Sleepee Panda,MEDIUM,14.0,6.0,25.0,Out of stock,2024-01-07 18:57:14
91402515-38fe-4893-b2b2-99ae2b319b08,10986b98-6647-4c9a-ae11-8237993dd3b9,Sleepee Panda,SMALL,9.0,4.0,18.0,Out of stock,2024-01-07 18:57:14
26cf1620-5780-4f75-92cb-d35a89082323,b2381aa2-3f5f-42d8-b8d3-ca43db23afe1,Tommy Turtle,ONE SIZE,12.0,6.0,27.5,More on the way,2024-01-07 18:57:16
6dcac0ce-6f5c-4cae-b65a-fdc4f087e14c,12195cfa-7d7d-4280-9f61-6144378e0287,Tully Turtle,ONE SIZE,4.0,10.0,33.0,Returning to stock 3-4 weeks,2024-01-07 18:57:18
b8f7a2c5-3a4c-4f24-862f-b0b7fe45dd69,71f00833-d487-4a5c-97f4-8250c19aa95b,Willow Owl,ONE SIZE,8.0,4.0,23.5,More on the way,2024-01-07 18:57:20
7dca5b0e-e694-4071-a04b-4b40898804a2,79b210ab-58a0-41dc-beed-f498ac200c18,Bashful Fudge Bunny with Personalised Cream Jumper,MEDIUM,12.0,5.0,38.0,More on the way,2024-01-07 18:57:21
f95e104b-c456-4068-bcd2-741254768f29,64f0d657-f230-4881-a866-81d27da0846a,Bashful Fudge Bunny with Personalised Navy Jumper,MEDIUM,12.0,5.0,38.0,More on the way,2024-01-07 18:57:24
b99d899e-8876-45aa-8e20-26907d9035a8,ae83fcd5-e048-4630-8611-85b112ee80f4,Bashful Fudge Bunny with Personalised Red Jumper,MEDIUM,12.0,5.0,38.0,More on the way,2024-01-07 18:57:26
83e4b92e-92a0-417b-b8f6-c5d477a90c90,6beb34fd-968a-4c1b-829d-512c46d0626b,Personalised Bashful Fudge Bunny Medium,MEDIUM,12.0,5.0,34.0,More on the way,2024-01-07 18:57:28
0904cb5b-c149-4d73-b7b1-bcdd2699a491,5798fb9b-4df7-4fbe-bc52-b8bf42a07424,Tumblie Duck,ONE SIZE,5.0,14.0,30.0,Returning to stock 3-4 weeks,2024-01-07 18:57:30
39e6053f-7cf1-4d84-9f46-edada19fa5ea,3e8c1af2-61c5-4494-9212-610dbdec73e4,Yummy Bunny Mint,ONE SIZE,5.0,4.0,20.0,More on the way,2024-01-07 18:57:32
073785a4-e5be-423c-821a-174b5ed29a3d,2e1803b3-51ae-4aa8-a5d6-3d86da9d4618,Pet Tails Book,ONE SIZE,8.0,5.0,18.5,More on the way,2024-01-07 18:57:33
922e23ac-2043-46b8-a994-e004172d55d7,d121dbc1-b055-4b30-a200-4eeccfa089aa,Bonbon Monkey,ONE SIZE,9.0,4.0,16.0,More on the way,2024-01-07 18:57:35
bc4863d7-79a8-4756-9d8a-136f7a7042ed,edb2cf4b-5091-47d6-b9c8-b06073b28252,Backpack Bunny,ONE SIZE,9.0,4.0,30.0,More on the way,2024-01-07 18:57:37
