jellycatsizeid,jellycatid,jellycatname,size,height,width,price,stock,datecreated
b7312f45-1be3-4fd4-aced-ca0ed1b37d7c,1e3f1e53-b38d-4813-acaa-debcef5fe00a,Bartholomew Bear Pumpkin,LARGE,14.0,8.0,55.0,In Stock,2024-01-12 13:13:24
8d493b3e-f275-41c3-bb02-26cec929ccf9,2d9eb927-7a72-4095-ba2f-76ad16f5e3ea,Bashful Luxe Bunny Azure,HUGE,20.0,8.0,85.0,In Stock,2024-01-12 13:13:26
f5565bca-9793-41af-927a-546eb2bdad96,2d9eb927-7a72-4095-ba2f-76ad16f5e3ea,Bashful Luxe Bunny Azure,MEDIUM,12.0,5.0,35.0,In Stock,2024-01-12 13:13:26
4eab78a7-b9c8-4154-bb35-8a0b5700b552,e5d558ac-671f-4b78-abaa-de238d395056,All Kinds of Cats Book,ONE SIZE,9.0,7.0,15.0,In Stock,2024-01-12 13:13:28
c821a85f-d2ab-4375-971a-72c46ec90797,a79c89b2-f08f-43f3-8d26-06910644c76b,Fergus Frog,ONE SIZE,13.0,4.0,50.0,In Stock,2024-01-12 13:13:29
814661f3-b246-4247-8da7-c4150eb2b10e,0c8f6bbb-b60f-43cd-a497-6c37ca38e782,Jellycat Head Giant,ONE SIZE,22.0,24.0,220.0,In Stock,2024-01-12 13:13:31
c83079b9-e450-4dd2-9781-d588d4ed0970,001eb1de-ab7e-4fdb-86ec-7ac8b74c3d33,Jellycat Jack,REALLY BIG,26.0,9.0,165.0,In Stock,2024-01-12 13:13:33
5bdc7646-4d5b-44aa-a9f6-24d166af3237,001eb1de-ab7e-4fdb-86ec-7ac8b74c3d33,Jellycat Jack,HUGE,19.0,6.0,110.0,In Stock,2024-01-12 13:13:33
9e6ec5ed-e9d5-4f4c-aeb8-a6ccafa7edb6,001eb1de-ab7e-4fdb-86ec-7ac8b74c3d33,Jellycat Jack,MEDIUM,13.0,4.0,45.0,More on the way,2024-01-12 13:13:33
3624effa-9ba4-414e-b076-51a5dab4a0f5,a497f46c-02ae-4613-bb46-a94506d98808,Jellycat Bag Charm,ONE SIZE,5.0,4.0,28.0,In Stock,2024-01-12 13:13:35
b1cafc90-1f7e-4fd8-b051-24ee8b93a628,f373df2e-c8e3-4233-8c42-ed0b5767ee58,Jellycat Bag,ONE SIZE,6.0,9.0,45.0,In Stock,2024-01-12 13:13:36
d3df7a3c-dc5c-4f8b-bbb7-83fe1688f15f,dda0347c-d194-410f-a4bc-70aae30bcfbb,Junglie Monkey,MEDIUM,18.0,7.0,55.0,In Stock,2024-01-12 13:13:38
17950188-04f6-4d36-a45a-86f0b1968892,8ccd7399-200c-4f84-b5fb-cd86327cdf00,Truffles Sheep,LARGE,9.0,25.0,110.0,In Stock,2024-01-12 13:13:40
c256204e-425e-4122-9c52-9df2f40d6ca1,1c8f6edd-6e9e-410a-81d5-667f77af8544,Darvin Dragon,ONE SIZE,9.0,8.0,50.0,In Stock,2024-01-12 13:13:41
425e3d93-8d97-4077-86e4-762c29839d1b,39e16253-b913-4a80-8124-5a50652aef8b,Golden Dragon,HUGE,7.0,26.0,120.0,In Stock,2024-01-12 13:13:43
1f34b87c-67af-4986-b528-f7c9531959c8,39e16253-b913-4a80-8124-5a50652aef8b,Golden Dragon,LARGE,5.0,20.0,65.0,In Stock,2024-01-12 13:13:43
06b4eb98-18db-4ca4-a9ef-d3369d43e5ab,39e16253-b913-4a80-8124-5a50652aef8b,Golden Dragon,LITTLE,3.0,12.0,32.5,In Stock,2024-01-12 13:13:43
de431374-b2fc-44db-b1d7-8429789bbfea,44f322e0-1e88-4f41-bb91-95dd75315711,Golden Dragon Bag Charm,ONE SIZE,5.0,9.0,28.0,In Stock,2024-01-12 13:13:45
169ab3a9-5543-45d1-b162-973260d9ceea,b4e8e9f5-530f-48f7-ab12-1593f6b2112c,Lavender Dragon Bag Charm,ONE SIZE,5.0,9.0,28.0,In Stock,2024-01-12 13:13:47
bdba54e8-be3b-40ad-82e4-207bc1cba1c5,b6b78cce-d3f3-447a-9711-4d57b7bb8147,Little Dragon Bag Charm,ONE SIZE,7.0,2.0,23.0,In Stock,2024-01-12 13:13:48
6a095b3b-484e-446a-93ad-eb33004b8b1f,7b691204-0f05-4451-887d-3cb627390ae1,Rose Dragon Bag Charm,ONE SIZE,5.0,9.0,28.0,In Stock,2024-01-12 13:13:50
ad5f7681-7ebd-45b9-b391-52a467bbe1dc,bc54c9a3-aeec-436e-9038-cd11114d87a7,Snow Dragon Bag Charm,ONE SIZE,5.0,9.0,28.0,In Stock,2024-01-12 13:13:51
0729204e-813b-442c-8297-8f9c54916056,042768a3-d22c-49b5-a0e1-8375953155d4,Aimee Sheep,ONE SIZE,8.0,9.0,40.0,In Stock,2024-01-12 13:13:53
4779302c-76c6-42c0-b784-bf258594a794,f3d2f5c2-03cd-4dfa-a5be-28a708a76a21,Bashful Red Love Heart Bunny,MEDIUM,12.0,5.0,32.0,In Stock,2024-01-12 13:13:55
8f3dc640-e189-4d4a-9295-009b7dc64ad0,f3d2f5c2-03cd-4dfa-a5be-28a708a76a21,Bashful Red Love Heart Bunny,SMALL,7.0,4.0,25.0,In Stock,2024-01-12 13:13:55
965bd7f9-6483-463b-9849-4b9ced0d9a34,c8b1673a-e66a-42b8-af91-fbf52eaa3602,Fabian Frog Prince,ONE SIZE,9.0,8.0,40.0,In Stock,2024-01-12 13:13:57
6283f8f0-c021-467b-b876-66f9ef3a43ca,2986342d-1941-4cc2-a8c1-91e2b8fe03d8,Loulou Love Bug,ONE SIZE,2.0,5.0,20.0,In Stock,2024-01-12 13:13:58
e2f33427-97a0-4328-a11d-81b60f5a81ca,d812870b-048c-4b10-895a-e5c1077d3fcb,Amore Bunny,MEDIUM,10.0,7.0,40.0,In Stock,2024-01-12 13:14:00
8d7cdacc-0002-494c-9f11-306260ec9eb8,62e29163-5b83-4a45-a562-66f8f18ad18f,Bibbly Bobbly Sheep,ONE SIZE,14.0,9.0,55.0,In Stock,2024-01-12 13:14:02
08c60cf6-064f-4f81-bd8d-38ceb3702787,f01a0614-0e93-41a0-94a2-86021c12d5ae,Brynlee Bee,ONE SIZE,5.0,6.0,28.0,In Stock,2024-01-12 13:14:03
dedeb3b0-78b7-40ba-9483-74022f17087a,3cada0f9-7d09-465b-b0b9-570a7aa773c9,Bartholomew Bear Bathrobe,MEDIUM,10.0,5.0,45.0,In Stock,2024-01-12 13:14:06
139e88a7-3042-4360-aac8-de350d6d4be9,1c5e7b4f-eec5-46e8-b0fd-27e88bad7640,Bashful Duckling,MEDIUM,12.0,5.0,28.0,In Stock,2024-01-12 13:14:07
0ec6987f-0192-4522-9e24-ef0f1e239e68,d8d5d26f-644e-484d-b071-0a8ba10492ca,Bashful Moss Bunny,MEDIUM,12.0,5.0,28.0,In Stock,2024-01-12 13:14:09
422eccd2-d0b5-4221-a649-c25600f05faf,d8d5d26f-644e-484d-b071-0a8ba10492ca,Bashful Moss Bunny,SMALL,7.0,4.0,18.0,In Stock,2024-01-12 13:14:09
07e6f18c-dc6a-4a47-83a0-cf8ae0c476b8,b5a403a1-afb6-472a-93a5-54cad81eafa4,Bashful Viola Bunny,MEDIUM,12.0,5.0,28.0,In Stock,2024-01-12 13:14:11
5f20ef07-4ad1-4dce-b30a-450cd1fad19f,b5a403a1-afb6-472a-93a5-54cad81eafa4,Bashful Viola Bunny,SMALL,7.0,4.0,18.0,In Stock,2024-01-12 13:14:11
17030511-cfb1-45db-9d2a-4b2430d0ec60,f945b603-b48b-4b25-a8a7-7896d8565345,Bashful Bunny with Carrot,SMALL,7.0,4.0,28.0,In Stock,2024-01-12 13:14:13
3a100df9-3abd-49d8-8218-13a541638813,6907d112-ea78-4d73-a445-421408d84aaa,Bashful Bunny with Daffodil,SMALL,7.0,4.0,28.0,In Stock,2024-01-12 13:14:14
ef8adf40-dca6-4864-b068-2043392f8f7b,01964c52-114b-4310-9467-1d99a9bf2f69,Lottie Fairy Bunny Book,ONE SIZE,7.0,7.0,15.0,In Stock,2024-01-12 13:14:16
29b2a8cb-229c-4d6d-86bf-a0dbffb69c72,74b2b5a7-b804-468d-bdbc-8731c9f28281,Blossom Cherry Bunny,MEDIUM,12.0,5.0,28.0,In Stock,2024-01-12 13:14:18
8d661c76-5795-4f8f-96d6-f8e3ec46d21f,74b2b5a7-b804-468d-bdbc-8731c9f28281,Blossom Cherry Bunny,SMALL,7.0,4.0,18.0,In Stock,2024-01-12 13:14:18
d435face-56c1-40a2-bd6c-35fabf63f072,8426148a-c250-4320-b430-4e6ec6775897,Dainty Dessert Bunny Cupcake,ONE SIZE,6.0,4.0,28.0,In Stock,2024-01-12 13:14:20
266f07fa-b8a4-483b-967b-7098dbc43d3a,cef606e7-9ea6-4360-b262-bd4e7f5a0bbf,Dainty Dessert Bunny Macaron,ONE SIZE,5.0,5.0,28.0,In Stock,2024-01-12 13:14:21
58bc056a-8fc3-42bc-a39f-9f201308fbdd,254d046a-cdac-4c44-ba27-15b43fe3c8ba,Fluffy Chicken,ONE SIZE,4.0,2.0,15.0,In Stock,2024-01-12 13:14:23
79baa1e8-7991-464a-ad4d-e6ffc7affd4d,c228d442-e192-4aae-b104-2493bbe55bc9,Fluffy Duck,ONE SIZE,4.0,2.0,15.0,In Stock,2024-01-12 13:14:25
0116f56b-812c-4e94-aede-c6fec15898b4,84becfba-ac3e-4fc9-85d4-d8bc97d5ef6d,Finnegan Frog,ONE SIZE,9.0,3.0,20.0,In Stock,2024-01-12 13:14:27
7a7ad842-daa3-4227-902f-fc0549cba56b,1bdfc872-d2d9-42c7-8050-571820236fdd,Lottie Bunny Fairy,ONE SIZE,11.0,3.0,32.5,In Stock,2024-01-12 13:14:28
ec200a5d-cfb2-4cda-b360-476f71428af9,ad23ad07-4ac9-4a96-b853-4deb77a0339e,Smudge Rabbit Big,BIG,6.0,17.0,75.0,In Stock,2024-01-12 13:14:30
e2798ead-f223-4c28-b548-205eb187639a,867d29d5-ed93-4e80-b517-e9e1a50339a8,Amore Corgi,MEDIUM,10.0,7.0,40.0,In Stock,2024-01-12 13:14:32
d8f08435-215b-4076-bfb0-42ca045c9567,f1758ccb-ae95-4f83-bc6f-84f08090bd28,Bashful Hedgehog,MEDIUM,12.0,5.0,28.0,In Stock,2024-01-12 13:14:33
3102bfbe-a9b7-4d16-b69f-ca5695788413,98fbefd3-036d-4333-aeb3-c2903d850cab,Bashful Pegasus,MEDIUM,12.0,5.0,28.0,In Stock,2024-01-12 13:14:35
50387770-c8a0-47f6-bd96-d35ac96b0d1e,798edef1-3a00-41f9-ad44-9f574005395c,If I Were an Owl Board Book,ONE SIZE,6.0,6.0,13.5,In Stock,2024-01-12 13:14:37
b078c36c-0ebd-435e-a1e8-bb2485f5ce50,7f577b5b-4c5a-4d6e-a7a8-13a3b2b27e9d,Betty Corgi Bag Charm,ONE SIZE,4.0,2.0,23.0,In Stock,2024-01-12 13:14:38
c12bcc25-88d4-4c3e-afe1-8f47b4597f31,118b56d2-b2ed-43ad-a8dd-ca5f79b42143,Rory Le Courageux Petit Lion Livre (The Very Brave Lion),ONE SIZE,9.0,9.0,15.0,In Stock,2024-01-12 13:14:40
de2e0d22-0d57-46c0-be25-859060f77241,6329340b-d4a2-46f7-a82d-0520136794b7,Lapin Timide Et Ses Petites Aventures Livre (Little Me),ONE SIZE,8.0,8.0,15.0,In Stock,2024-01-12 13:14:42
8ffd5709-29e1-4857-848b-e3a8253dfe6f,dd742c71-18d4-4ef0-8a5d-ee9c00be401d,Lapin Timide Veille Sur Tes Nuits Livre (The Magic Bunny),ONE SIZE,7.0,7.0,15.0,In Stock,2024-01-12 13:14:43
42ccb753-5f83-487f-acf0-0b9489147695,49e40fb1-d294-4b3d-8014-cc2b32af4da8,Lapin Timide Veut Grandir Livre (When I Am Big),ONE SIZE,8.0,8.0,15.0,In Stock,2024-01-12 13:14:45
4f8ec48b-6697-426b-9eab-529412f20c8e,b6765c43-dea1-4dc6-b686-d7b2184029c2,Bodacious Beak Parrot,ONE SIZE,9.0,4.0,30.0,In Stock,2024-01-12 13:14:47
bd912a4d-f132-4c11-9509-0ed56f6d26bf,ee442c06-a6b6-4b03-ac25-913fc90ae9fd,Bodacious Beak Toucan,ONE SIZE,9.0,4.0,30.0,In Stock,2024-01-12 13:14:48
8cef82ee-3fb4-4f49-9739-9d00d70e29a1,a004a964-660f-44b0-9798-7eb2a64ba3d3,Bryno Dino,ONE SIZE,12.0,6.0,55.0,In Stock,2024-01-12 13:14:50
cbf639a5-3e13-4919-a1a2-499efce7b92d,7555ca28-91cf-4852-bc08-87da2e38e585,Coquette Cutie Bunny,ONE SIZE,10.0,2.0,32.5,In Stock,2024-01-12 13:14:52
7f0b242e-8c08-4e03-a939-39f5d763d241,98741951-4f32-441b-a3d1-130972086f7e,Comfy Coat Bunny,ONE SIZE,7.0,3.0,25.0,In Stock,2024-01-12 13:14:56
1ad741d9-a3d8-41c4-92e8-5c636089e03d,dcb8744d-cd29-49d2-a3ee-912a20884ea6,Comfy Coat Mouse,ONE SIZE,7.0,3.0,25.0,In Stock,2024-01-12 13:14:58
d729f4fb-f139-41c2-af3d-b7e95684f275,49e2c4da-3304-454e-a442-1254e01c6886,Cuddlebud Bernard Bunny,ONE SIZE,6.0,4.0,28.0,In Stock,2024-01-12 13:14:59
d916e905-34b6-42a5-be90-bb46eba126ad,a3787864-a4f7-4d2b-af2a-44ac4ed612b7,Cuddlebud Darcy Dormouse,ONE SIZE,6.0,4.0,28.0,In Stock,2024-01-12 13:15:01
dbfe3b30-f2a0-4af6-a25c-f30124078dbb,f1f3aed4-cad8-4972-8f8d-596776123355,Cuddlebud Morgan Mole,ONE SIZE,6.0,4.0,28.0,In Stock,2024-01-12 13:15:03
bfd3d4e6-c1bb-47de-a565-20b139c36829,b0dcae21-cd89-4435-aaf8-4776a246e19c,Spooky Greta Gremlin,ONE SIZE,11.0,4.0,40.0,In Stock,2024-01-12 13:15:05
2ba0e908-f289-44b8-93b0-9224bf2bdbac,8c3cd2d0-af8d-4f95-b068-b4d5d4dec1b5,Harvey Bear,ONE SIZE,11.0,25.0,150.0,In Stock,2024-01-12 13:15:07
c72d08c9-bc56-48e0-aac1-67d04fb83c3e,de490cd1-9deb-42a4-9daf-8cad57683449,Huddles Grey Elephant,ONE SIZE,10.0,6.0,45.0,In Stock,2024-01-12 13:15:08
745bff3f-fe8b-4663-b8de-7bc1c5e9187a,f8f96e0d-ee00-452d-a47b-7f0e7a49f5b0,Isadora Unicorn,ONE SIZE,13.0,13.0,65.0,In Stock,2024-01-12 13:15:10
a0742086-2f01-4e7c-b277-610f895fbc4c,c8525b52-6ddc-4faf-85ae-09d473c35300,Little Dragon,ONE SIZE,7.0,4.0,22.0,In Stock,2024-01-12 13:15:12
51b50060-1559-4fcb-b448-bd14149b8400,78182e03-a210-4eab-9be7-b4cbbaa03830,Lois Lionfish,ONE SIZE,6.0,10.0,35.0,In Stock,2024-01-12 13:15:13
ffdac9ec-9016-4d12-b130-e94a05992a38,48ce6ebe-66f5-4a05-a6d5-583110c3f514,Napping Nipper Westie,ONE SIZE,4.0,6.0,25.0,In Stock,2024-01-12 13:15:15
f0f14fd1-c1e0-46c5-b593-9548ecb98b05,3dec76f2-411d-4ca8-976c-2e4abe93d208,Otto Sausage Dog Bag Charm,ONE SIZE,4.0,2.0,23.0,In Stock,2024-01-12 13:15:16
53ee4c2d-8a72-44be-a6e3-c9e56a60991f,9b5eb4c6-afc9-41d0-80d7-9f5293bd2ae2,Ricky Rain Frog Bag,ONE SIZE,7.0,7.0,40.0,In Stock,2024-01-12 13:15:18
b69b8617-77fa-489d-8b17-4046fc313919,7365f592-031f-4753-aa2a-41e5d0960a0e,Stellan Sabre Tooth Tiger,ONE SIZE,19.0,7.0,75.0,In Stock,2024-01-12 13:15:19
0720d003-bd51-42fc-ab91-8d5e4faacc90,f6cf5004-8b14-40e8-880c-ad48f6fe59a7,Bashful Snow Tiger Soother,ONE SIZE,13.0,13.0,25.0,In Stock,2024-01-12 13:15:21
32bfe80f-2042-42ed-b9b3-12ccfff16859,eaf120ea-c921-42ad-8c4f-fbfe241a2240,Spindleshanks Spider,SMALL,3.0,14.0,27.5,In Stock,2024-01-12 13:15:23
47f0ce88-7e11-4a99-88dc-a00cf29dba85,8e1ff066-2eee-4914-8c0c-f48ea2cc927d,Stanley Stick Insect,ONE SIZE,3.0,11.0,28.0,In Stock,2024-01-12 13:15:24
06836ee3-1dce-47a3-9110-6834e16eb8a7,d625debc-b81a-49aa-aeb2-b1f1e9e3f106,Viggo Mammoth,ONE SIZE,19.0,7.0,75.0,In Stock,2024-01-12 13:15:27
f066df19-a7d7-41c6-90d1-2cff683c608b,0df6b6dd-8215-4618-aa21-a6243d12598e,Maya Octopus,REALLY BIG,30.0,12.0,130.0,In Stock,2024-01-12 13:15:29
50a5f6b0-513d-4e42-acee-f21d51a1c559,0df6b6dd-8215-4618-aa21-a6243d12598e,Maya Octopus,LARGE,19.0,7.0,53.0,More on the way,2024-01-12 13:15:29
b30b2495-0cde-4984-9109-0134eed9cab2,0df6b6dd-8215-4618-aa21-a6243d12598e,Maya Octopus,LITTLE,9.0,4.0,30.0,Returning to stock next week,2024-01-12 13:15:29
95d3afa4-2d77-4c10-bdb4-6c258a47d45f,0df6b6dd-8215-4618-aa21-a6243d12598e,Maya Octopus,TINY,6.0,3.0,18.0,Returning to stock 3-4 weeks,2024-01-12 13:15:29
1f5fbeac-8772-453d-b676-89b19c89687e,4d220c80-d925-4cce-be3e-b312b7aa6947,Albert Jack Russell,ONE SIZE,7.0,6.0,30.0,In Stock,2024-01-12 13:15:31
7a9bac12-4899-405b-9f5c-487a5c076622,2a0e388b-1ec4-447c-9cab-d5f50691b850,Birdling Hummingbird,ONE SIZE,4.0,2.0,17.0,In Stock,2024-01-12 13:15:33
2f924506-a812-4a51-9e4b-efb4d3bfddd4,2af3b456-94d2-4450-9d7a-a4b2cf478085,Bashful Christmas Bunny,MEDIUM,12.0,5.0,27.5,In Stock,2024-01-12 13:15:35
e38596c4-d5f2-4b71-b29e-6715e1eda2cd,a062c0c1-11f0-4a1d-97fa-70afbaffd898,Bashful Luxe Bunny Luna,HUGE,20.0,8.0,85.0,In Stock,2024-01-12 13:15:36
8765cfc9-ecbc-48d9-86bb-30766deef478,a062c0c1-11f0-4a1d-97fa-70afbaffd898,Bashful Luxe Bunny Luna,MEDIUM,12.0,5.0,35.0,In Stock,2024-01-12 13:15:36
bfdc9a7a-42d3-4c8f-a88f-374c3c8770c7,940a3284-bf97-4789-ae86-48764c3346b1,Bashful Christmas Bunny Decoration,TINY,5.0,2.0,15.0,In Stock,2024-01-12 13:15:38
6454f163-650a-47ad-af1f-675ddb13272f,95f1ec99-205d-45e6-96f2-d818cc53de95,Merry Mouse Book,ONE SIZE,7.0,7.0,15.0,In Stock,2024-01-12 13:15:40
a7b870f1-2fec-4c35-a52a-03c1d90edaca,4b14cff3-f81f-4a9d-b5f7-a4538203a075,Otto’s Snowy Christmas Book,ONE SIZE,7.0,9.0,15.0,In Stock,2024-01-12 13:15:41
b799a963-93fc-4821-8129-0df99668decc,629177a1-dc7c-4b1b-9084-e211751bbf93,The Playful Polar Bears Book,ONE SIZE,8.0,8.0,15.0,In Stock,2024-01-12 13:15:43
10423cf8-1269-428e-8e16-3ab807395296,816d4d02-db7f-4dfb-83f8-a1e2696c1581,Mitzi Reindeer’s Dream Book,ONE SIZE,8.0,8.0,15.0,In Stock,2024-01-12 13:15:45
e76ca961-e1f8-4e9d-a50d-4fc3d2e5c6ac,a9afbfa3-e55d-4ac9-b00b-ec4d7ba70c7e,Festive Folly Penguin,ONE SIZE,4.0,2.0,12.5,In Stock,2024-01-12 13:15:46
11e77cda-c86b-4276-b6dd-88055081b762,c69b01eb-1999-4bca-b498-07a4ba1466a7,Sofia Reindeer,ONE SIZE,17.0,5.0,60.0,In Stock,2024-01-12 13:15:48
e9d9f917-8878-4c43-bd08-2efa6f680073,736c506a-a5bc-4614-9b66-b52b6d027af9,Christmas Grizzo,ONE SIZE,11.0,4.0,37.5,In Stock,2024-01-12 13:15:49
81122ff5-9ca9-47e9-9a1f-eef9213a69d1,bc8037dd-decc-4d95-b23c-6a97dadae70f,Maurice Macaroni Penguin,ONE SIZE,8.0,5.0,32.5,In Stock,2024-01-12 13:15:51
6079ee05-75ae-4472-8e9d-bf1d0d3b168b,58e5dbc2-2ad9-436c-a820-dfae27cf82f2,Merry Mouse,ONE SIZE,7.0,4.0,27.5,In Stock,2024-01-12 13:15:53
61aec0e6-1d39-4eb1-a983-b6d106873c8b,26062d55-8797-47ac-83a7-ca23a7d6dd00,Merry Mouse Present,ONE SIZE,7.0,4.0,27.5,In Stock,2024-01-12 13:15:54
5fedf927-e01c-4bba-9d72-4e2f026c03f9,e14ed1db-e176-43bd-ab00-c2cd7aef3d0c,Merry Mouse Skiing,ONE SIZE,8.0,5.0,37.5,In Stock,2024-01-12 13:15:56
698d4e9f-64c9-4349-b9ae-17d6bb81a0fa,96b7b381-4937-4c39-9a10-c9fb93b4dfe4,Winter Warmer Otto Sausage Dog,ONE SIZE,6.0,3.0,32.5,In Stock,2024-01-12 13:15:58
3d100727-4f86-404f-9432-2cfc6963a3a2,6ed3d717-7627-458a-b68c-e805cb33158e,Personalised Bashful Luxe Bunny Luna Huge,HUGE,20.0,8.0,91.0,In Stock,2024-01-12 13:16:00
79b88624-c72a-4849-8059-365abf035fe9,1f911bb1-14d1-42a3-a1c7-2de77de39a82,Personalised Bashful Luxe Bunny Luna Medium,MEDIUM,12.0,5.0,41.0,In Stock,2024-01-12 13:16:02
9d1429f3-7285-4402-939b-9f267830dff1,55840b17-7018-45ff-a4f1-d49744d7d5c4,Winter Warmer Pippa Black Labrador,ONE SIZE,9.0,3.0,32.5,In Stock,2024-01-12 13:16:03
30285e77-ed32-47c0-92aa-93e6066cdbd3,33032548-d5fa-4c55-a93e-b712d18775b3,Santa Ricky Rain Frog,ONE SIZE,6.0,5.0,35.0,In Stock,2024-01-12 13:16:05
87a7724a-a03f-44fe-8579-f9bbdd25d6b4,4af27f74-f16b-4f98-b018-a5e4c789d14a,Otto's Snowy Christmas Book & Winter Warmer Otto Sausage Dog,ONE SIZE,,,47.5,In Stock,2024-01-12 13:16:07
d73b60e6-041c-4c1d-bc1c-63b6c099bb71,6c31877d-b84c-42b5-bc2f-cb47b05cf8f5,Amuseabean Bunny,ONE SIZE,4.0,4.0,20.0,In Stock,2024-01-12 13:16:08
b7a669b8-65c1-4788-b999-414d79512625,59504442-aedf-4fc4-a163-4d7f2412a4e1,Amuseabean Highland Cow,ONE SIZE,4.0,4.0,20.0,In Stock,2024-01-12 13:16:10
5f0d2589-b1fc-4903-812d-f5f269885841,22d89f40-5d5c-445a-b391-043cb71b7bd5,Amuseabean Ram,ONE SIZE,4.0,4.0,20.0,In Stock,2024-01-12 13:16:12
11bda96d-0bca-45e8-9100-58d0d1825932,b19e854a-f657-433f-bba9-fd1693e983da,Bartholomew Bear Bag Charm,ONE SIZE,5.0,2.0,23.0,In Stock,2024-01-12 13:16:14
4adaafa9-f891-4817-9728-794e95769179,aea4638a-99a6-4151-a6b2-676ef68dca3c,Bashful Luxe Bunny Rosa,HUGE,20.0,8.0,85.0,More on the way,2024-01-12 13:16:16
3b3a668f-694b-4177-9640-312c49d56bf2,aea4638a-99a6-4151-a6b2-676ef68dca3c,Bashful Luxe Bunny Rosa,MEDIUM,12.0,5.0,35.0,In Stock,2024-01-12 13:16:16
8c7c1ebc-e866-4f99-b89f-62ea082a18cc,df9acc04-6b3e-4e05-b423-128953824187,Bashful Luxe Bunny Willow,HUGE,20.0,8.0,85.0,More on the way,2024-01-12 13:16:18
49deb2a7-d20d-40f0-a434-f0340ae449ae,df9acc04-6b3e-4e05-b423-128953824187,Bashful Luxe Bunny Willow,MEDIUM,12.0,5.0,35.0,In Stock,2024-01-12 13:16:18
ad2e0a95-057c-4d2e-993e-ef9a8c2a3dc9,464d45f8-73e1-45aa-9b15-445238fc0368,Birdling Goldfinch,ONE SIZE,4.0,3.0,17.0,In Stock,2024-01-12 13:16:20
195bf14e-2746-4c7a-852e-d81e87d5d9fa,ce20af20-b7f2-480c-8bb5-ce6e07b7212a,Birdling Swallow,ONE SIZE,4.0,3.0,17.0,In Stock,2024-01-12 13:16:21
25ec8add-2c0e-42f6-9066-a26e0be58f2d,4c0d3f42-d79a-4e27-832c-a2814fb21e57,Blowzy Belle Sheep,ONE SIZE,16.0,4.0,37.5,In Stock,2024-01-12 13:16:23
e69f099a-668c-4c11-94e9-d15e2a1ab804,53f780db-8f11-4ff6-87fb-1f256bdb5fbf,Fou Fou Ostrich,ONE SIZE,8.0,6.0,28.5,In Stock,2024-01-12 13:16:25
3f78db6b-7fea-4403-9205-3280820d5ce3,8f096b81-0d54-44a7-93a8-ea21bfbd7b1c,Fou Fou Peacock,ONE SIZE,8.0,6.0,28.5,In Stock,2024-01-12 13:16:26
d9f8be52-312b-4420-96ff-72b47023374d,28fc5817-6b82-4a24-83e2-f9799e4cfe81,Fuzzkin Monkey,ONE SIZE,9.0,4.0,25.0,In Stock,2024-01-12 13:16:28
19399cf4-12cf-4062-9dfc-83118dde9498,6143fd84-a8c3-4c97-bddc-84113976b031,Ginny Goat,ONE SIZE,10.0,6.0,35.0,In Stock,2024-01-12 13:16:30
0e9959ec-3410-4919-98e9-5cfe8d50d507,26d1f1fd-d5f7-4ceb-a6ac-9af6fd06686b,Gracie Grouper Fish,ONE SIZE,4.0,10.0,30.0,In Stock,2024-01-12 13:16:32
42c3aafb-50c4-4052-9e1b-13a0470224ee,e49aa531-9593-4bf3-8f7d-6387792976d2,Hector Fox Terrier,ONE SIZE,9.0,4.0,35.0,In Stock,2024-01-12 13:16:33
291be331-6db0-4153-a8e9-2ccff32ba4b1,70d943af-39ac-4927-8633-c56fbb1736a7,Jinx Monster,ONE SIZE,17.0,6.0,35.0,In Stock,2024-01-12 13:16:35
5f42f670-ccc4-4ff9-94df-60173edcfc74,9148405f-8b95-42de-b07b-62c0a640ec8e,Jollipop Cat,ONE SIZE,8.0,4.0,23.5,In Stock,2024-01-12 13:16:37
7cb0aef6-c829-4ad1-8d4e-0a73864d4095,b7c0b17e-1988-448f-8967-ced2c80583bf,Jollipop Puppy,ONE SIZE,8.0,4.0,23.5,In Stock,2024-01-12 13:16:38
ea423fa8-b715-46f4-b867-f3c6e966559c,6497c847-e1a7-4384-94a1-e173a7b3300d,Little Monkey,ONE SIZE,7.0,4.0,22.0,In Stock,2024-01-12 13:16:40
247f261d-bd6b-46fd-a1af-fbda9d10abcf,fa8b3782-ff0f-405b-bb36-9dd49917c1e4,Lavender Dragon,HUGE,7.0,26.0,120.0,In Stock,2024-01-12 13:16:42
28b5d42b-8e7f-47cc-bce2-9813a9e1ec63,fa8b3782-ff0f-405b-bb36-9dd49917c1e4,Lavender Dragon,MEDIUM,5.0,20.0,65.0,In Stock,2024-01-12 13:16:42
55a3ae66-045e-447b-9285-72a7a1637f14,fa8b3782-ff0f-405b-bb36-9dd49917c1e4,Lavender Dragon,LITTLE,3.0,12.0,32.5,In Stock,2024-01-12 13:16:42
593fdfd4-03e6-4716-a854-3a6b5cc63623,8f9b0aec-4bd6-4afd-abce-4e988507410e,Lila Ballerina Bunny,ONE SIZE,13.0,2.0,35.0,In Stock,2024-01-12 13:16:44
dbc71edd-5ac8-426d-9206-ec6216bf4a76,88adb3b1-29be-4a83-9150-9cd49420bced,Madison Monkey,ONE SIZE,13.0,2.0,32.5,In Stock,2024-01-12 13:16:45
7d0e45f7-b60e-4c79-9a4b-7eca693edef0,f730cded-a0aa-4ad1-82d3-dc56e1009089,Ollivander the Orca,ONE SIZE,9.0,25.0,70.0,In Stock,2024-01-12 13:16:47
788c5f71-fa02-40af-a266-b8b1c3c754e1,7f2b4b9d-20f7-4cd7-b842-5a88ce3ee411,Oswald Orangutan,ONE SIZE,13.0,12.0,65.0,In Stock,2024-01-12 13:16:48
50a40a45-1dc0-49f7-a395-b73a854def50,e8fb6935-8f3b-4991-a9b4-cd4c155e271e,Personalised Bashful Luxe Bunny Willow Huge,HUGE,20.0,8.0,91.0,In Stock,2024-01-12 13:16:51
d2b32773-ffff-4088-ae24-83ac36edc6cc,9b29325d-7b38-4d2c-991a-4c8448bf8477,Personalised Bashful Luxe Bunny Rosa Medium,MEDIUM,12.0,5.0,41.0,In Stock,2024-01-12 13:16:53
6ae40af5-f929-4e43-91a8-11f14a6ec628,2dc830db-7588-485b-88f4-afa4c49487b5,Personalised Bashful Luxe Bunny Willow Medium,MEDIUM,12.0,5.0,41.0,In Stock,2024-01-12 13:16:55
0a221724-695b-4a8f-b7a8-4d824c7fa9d1,dba8c33d-d161-4cd3-b23a-926246846c2b,Personalised Lavender Dragon Huge,HUGE,7.0,26.0,126.0,In Stock,2024-01-12 13:16:57
93037c55-9177-4937-86c9-255992e511f5,b8a110d4-e0ed-4d59-be1c-46aac4411f54,Pippa Black Labrador,ONE SIZE,9.0,4.0,33.0,In Stock,2024-01-12 13:16:58
daab408a-7154-4c8c-96b2-3f53f1f0edf6,764b89af-d113-48e0-a0ca-ba01039e4470,Quaxy Elephant,ONE SIZE,10.0,6.0,35.0,In Stock,2024-01-12 13:17:00
0fb77ad6-50f3-4b4c-b691-bd7a22f749b4,574f265a-a9b6-4a18-9a47-0e75d84ca395,Quaxy Pig,ONE SIZE,10.0,6.0,35.0,In Stock,2024-01-12 13:17:02
1230a09e-8bb9-4f83-ad8e-4b4f23960a64,2a9e26cf-264b-4551-a6fe-9ab0310915fd,Ramonda Ostrich,ONE SIZE,22.0,6.0,40.0,In Stock,2024-01-12 13:17:03
b48be152-670c-420f-a749-1873d44a93a2,eed2b26a-a96c-4890-9c05-b77df2762162,Rock-a-Bye Kitten,ONE SIZE,7.0,4.0,30.0,In Stock,2024-01-12 13:17:05
40c66e3b-8f75-4671-b0b0-1448d9708305,1c5ecd38-4102-4113-b2ce-c51222aa5863,Sweetsicle Bunny,ONE SIZE,6.0,3.0,20.0,In Stock,2024-01-12 13:17:06
ddb03ebe-5004-4b61-b1c8-3977d5b3059c,f7ccaade-83c1-4c3b-8148-564a6089fc1f,Syd Salamander,ONE SIZE,10.0,4.0,27.5,In Stock,2024-01-12 13:17:08
b68def4b-cf5e-481c-b822-5e983c4d972d,c46b55cc-b599-45df-9730-8d8f6f677259,Bashful Hot Pink Bunny,MEDIUM,12.0,5.0,28.0,In Stock,2024-01-12 13:17:10
f449f89d-38b3-425f-bcd7-12a446c6a547,c46b55cc-b599-45df-9730-8d8f6f677259,Bashful Hot Pink Bunny,SMALL,7.0,4.0,18.0,In Stock,2024-01-12 13:17:10
1b94e29d-f8ed-4cd3-a8b4-d50763e84b19,4b52dd30-679d-4fa6-801e-babdb3346073,Bashful Sunshine Bunny,MEDIUM,12.0,5.0,28.0,In Stock,2024-01-12 13:17:12
81f57399-2090-4b17-a91f-843451203790,4b52dd30-679d-4fa6-801e-babdb3346073,Bashful Sunshine Bunny,SMALL,7.0,4.0,18.0,In Stock,2024-01-12 13:17:12
08f7e5a9-efab-4d6b-99cc-d0baa2e575d5,cbf97a6e-c25e-49d9-a426-32ca33869dfe,Goodnight Bunny Book,ONE SIZE,7.0,7.0,15.0,In Stock,2024-01-12 13:17:14
1373d1ba-7807-49b7-8aac-31a3d42b632d,f69679a8-97bf-495e-8003-43c96c3e20af,Bluebell Butterfly,ONE SIZE,8.0,13.0,33.0,In Stock,2024-01-12 13:17:16
6faf5bb8-9431-4eb1-abbe-18357235db9a,f01a5b1e-4485-496d-af0e-aad48c8d8376,Bonnie Bunny with Egg,ONE SIZE,6.0,3.0,23.5,In Stock,2024-01-12 13:17:17
c9384b69-9cc3-457b-93cb-57112c1162c7,29412f25-f5dd-4762-a72a-46ff23161075,Burly Boo Sheep,ONE SIZE,7.0,5.0,25.0,In Stock,2024-01-12 13:17:19
5b6859da-f989-4bb3-a9ec-a7d5bb64e604,1c1f1de4-4164-4e5f-a911-c42b64dfb50a,Cluny Cockerel,ONE SIZE,9.0,5.0,35.0,In Stock,2024-01-12 13:17:21
77ece829-058d-470c-8f0c-922bc57de3ce,f70582c8-a0f0-4030-8276-2a1ee242820d,Escarfgot Purple,ONE SIZE,6.0,3.0,20.0,In Stock,2024-01-12 13:17:22
b893c64f-7d97-421f-a95f-d9168663c320,0c8ecf1b-f352-4994-8d8e-c7f33b0ac9a8,Escarfgot Pink,ONE SIZE,5.0,2.0,20.0,In Stock,2024-01-12 13:17:24
a7030cd7-496b-470f-b6d1-5fd18db4ac5b,6d73c815-29a1-4e26-84b6-8de584249f61,Bashful Hot Pink Bunny with Personalised Cream Jumper,MEDIUM,12.0,5.0,38.0,In Stock,2024-01-12 13:17:26
1e7b2670-c506-4f96-87d6-3cfa9d8e095e,7a189516-5c34-4613-b3cf-454d8ad7fbe4,Bashful Sunshine Bunny with Personalised Cream Jumper,MEDIUM,12.0,5.0,38.0,In Stock,2024-01-12 13:17:28
6ca282d1-879b-4634-9683-05187544f459,48bb802f-49f9-4e72-bb3e-a7515372a004,Bashful Hot Pink Bunny with Personalised Navy Jumper,MEDIUM,12.0,5.0,38.0,In Stock,2024-01-12 13:17:30
7ed8c866-577c-41f7-9739-ff39a55706eb,2ee3944c-f627-4476-89bb-4a1401389713,Bashful Sunshine Bunny with Personalised Navy Jumper,MEDIUM,12.0,5.0,38.0,In Stock,2024-01-12 13:17:31
cd527dfa-1171-4c5a-9b71-8736f5a8c0ef,8a726b67-53ef-4ba5-8e9b-d074b1d70173,Bashful Sunshine Bunny with Personalised Red Jumper,MEDIUM,12.0,5.0,38.0,In Stock,2024-01-12 13:17:33
3c77806f-b8cd-4d3a-b4dc-16bfd71afad3,67e95f9e-2a45-459a-b441-5c4f602c2a2c,Layla Ladybird,ONE SIZE,3.0,6.0,25.0,In Stock,2024-01-12 13:17:35
d9d396f2-0a28-4e67-8cc9-4a28a6d9388b,d68c9e00-3183-4231-b3d8-820e3f238ec0,Nesting Bunnies,ONE SIZE,4.0,6.0,35.0,In Stock,2024-01-12 13:17:37
c545593d-37fb-4cc7-a85a-8738653f0732,4b531eaa-6943-4f6e-9746-c6918ddfc4fa,Personalised Bashful Hot Pink Bunny Medium,MEDIUM,12.0,5.0,34.0,In Stock,2024-01-12 13:17:38
7bee0085-8d39-43a9-a328-e042d202ff03,3a807f8f-e46c-4d93-a82d-bbd69337609a,Personalised Bashful Sunshine Bunny Medium,MEDIUM,12.0,5.0,34.0,In Stock,2024-01-12 13:17:40
6aac1331-6973-4f08-af98-aecd533901aa,9a5f138e-7c1c-406e-acd2-c56e7333c6a4,Yummy Bunny Silver,ONE SIZE,6.0,4.0,20.0,In Stock,2024-01-12 13:17:42
a683d625-e685-47c9-a761-de866023e438,3f23949a-c36e-4a13-bad8-f618101e9aa1,Blossom Heart Blush Bunny,ONE SIZE,6.0,3.0,17.5,In Stock,2024-01-12 13:17:44
5cd34e12-76a5-41ef-bf28-62a2db51d292,66637653-d482-4e6b-a9b7-8b0f76f37489,Blossom Heart Tulip Bunny,ONE SIZE,6.0,3.0,17.5,In Stock,2024-01-12 13:17:45
3a450d6a-37fb-4a9e-8926-be5977b3486c,1ebd4a57-6d5f-4bff-8be6-e6ab14cb58d2,Crowning Croaker Green Frog,ONE SIZE,5.0,3.0,17.5,In Stock,2024-01-12 13:17:47
218142d4-2c07-4533-a992-ea5b6a31bd99,4d414973-00f7-477d-87aa-16e3014ba9ea,Love-Me Lobster,ONE SIZE,6.0,3.0,24.0,In Stock,2024-01-12 13:17:49
4e2371f3-5e73-4313-8f49-aecef302890b,877f58bc-63cd-47f0-9493-e955563534e3,Ambrosie Fox,ONE SIZE,9.0,5.0,35.0,In Stock,2024-01-12 13:17:50
dba18fea-a7a4-4d16-b586-2f035e5da350,b4268478-7eb2-46af-8c95-86c1da011a2f,Ambrosie Hare,ONE SIZE,9.0,4.0,35.0,In Stock,2024-01-12 13:17:52
ac374050-19bb-4d19-aeab-8fa2727081ae,128ba671-f7ed-472f-97e3-84a0a23ef364,Anoraknid Black Spider,ONE SIZE,5.0,4.0,20.0,In Stock,2024-01-12 13:17:53
2830b6d2-6202-41a1-80d6-f706b5df005c,5dbdef11-8806-4b34-b9ba-9b9676934fdf,Andie Axolotl,MEDIUM,11.0,5.0,32.5,In Stock,2024-01-12 13:17:55
7b5508cb-4810-437f-80de-0ed83af75da3,5dbdef11-8806-4b34-b9ba-9b9676934fdf,Andie Axolotl,SMALL,7.0,2.0,22.0,Out of stock,2024-01-12 13:17:55
a25ae3f8-6a0c-4a8e-ba1a-e83decde16e3,e45fb60c-5444-44ee-ab6b-3b8b380cf91a,Bashful Golden Bunny,MEDIUM,12.0,5.0,28.0,In Stock,2024-01-12 13:17:58
51daf4a3-8a04-4a0e-afce-074f080fa7ce,e45fb60c-5444-44ee-ab6b-3b8b380cf91a,Bashful Golden Bunny,SMALL,7.0,4.0,18.0,In Stock,2024-01-12 13:17:58
3fb55d6b-3d01-4305-96c8-fa0a70ff57e2,f3ea62c2-3886-421c-8d93-3989150d9c00,Bashful Mineral Blue Bunny,MEDIUM,12.0,5.0,28.0,In Stock,2024-01-12 13:18:01
11369b64-a9f9-4329-9a3a-9ebc5c4b75d2,f3ea62c2-3886-421c-8d93-3989150d9c00,Bashful Mineral Blue Bunny,SMALL,7.0,4.0,18.0,Out of stock,2024-01-12 13:18:01
771747d4-fa52-45c9-8e03-e4c356dc18b5,eb43e56b-77ae-46b6-b9f1-2668fe3f9fae,Bashful Wolf,MEDIUM,12.0,5.0,28.0,In Stock,2024-01-12 13:18:02
99ec2e20-400d-43f6-bae5-8e6569e912c4,4c64347f-f236-49f6-8e4d-c09d29c4f712,Wrapabat Black,ONE SIZE,6.0,2.0,20.0,In Stock,2024-01-12 13:18:04
7aaea962-bf56-4fb2-92ed-a2f39768cf1a,ea8ff7c9-b856-4b18-82b4-61613fed3ae1,Beatnik Buddy Poodle,ONE SIZE,11.0,3.0,28.0,In Stock,2024-01-12 13:18:06
158ab406-efcc-477a-abe9-e027ad66599d,8a7235ee-a7d0-49f2-bb8e-9f86702e2043,Beatnik Buddy Sausage Dog,ONE SIZE,11.0,3.0,28.0,In Stock,2024-01-12 13:18:07
2b54847c-757f-43b3-8a1b-2c9035476149,337674e4-ed0c-4005-bb0e-8eaff5802f30,Daddy Loves Me Book,ONE SIZE,6.0,6.0,20.0,In Stock,2024-01-12 13:18:09
3c43fb40-869a-4cba-90de-642748d0c5da,6c55dd9b-92ab-4d75-b8e7-6f916d1e27e0,Mummy Loves Me Book,ONE SIZE,6.0,6.0,20.0,In Stock,2024-01-12 13:18:11
d725636d-d1f8-48b8-b6e9-664e4a10a715,8996eca1-14e4-4327-ad5a-7f1d33eafa20,Backpack Wolf,ONE SIZE,9.0,4.0,30.0,In Stock,2024-01-12 13:18:12
b18cd6cb-022b-4386-b3ac-c54d9bd88122,318ed37a-496c-4f7e-bc5a-21764f992f9e,Big Spottie Unicorn,ONE SIZE,17.0,6.0,75.0,In Stock,2024-01-12 13:18:14
131269f7-c468-49aa-87d8-5949223705a4,d77a1d1e-1c55-4b86-805b-109f0f0ef0c6,Cozy Crew Seahorse,ONE SIZE,7.0,2.0,25.0,In Stock,2024-01-12 13:18:16
d8bc0639-65e9-4882-9d1e-6b0ea3de26ef,e0d5bdb5-3ecc-47cb-82d2-8a770eb2c291,Davey Dilophosaurus,ONE SIZE,11.0,5.0,32.5,In Stock,2024-01-12 13:18:18
0f7e65f9-cf55-459d-88da-a1c64fcdebf9,38038d5d-ffac-4785-bffa-7e21e656bc68,Delano Dorado Fish,ONE SIZE,5.0,10.0,27.5,In Stock,2024-01-12 13:18:19
dffef8f2-f9e0-4786-8fde-0f088ff105a2,4681e5a8-a95a-43a9-ab13-15c3c58a3c63,Evelyn Swan,ONE SIZE,19.0,6.0,40.0,In Stock,2024-01-12 13:18:21
cab2204f-439d-49db-b43c-428e91b548fb,29d8d113-ed11-457d-adc2-23583142018b,Fishiful Blue,ONE SIZE,5.0,6.0,17.5,In Stock,2024-01-12 13:18:22
91af09df-f76c-443b-a0ce-e2256b426bf8,c479d79d-7ae2-41ee-9bb2-69b848d0207d,Fishiful Orange,ONE SIZE,5.0,6.0,17.5,In Stock,2024-01-12 13:18:24
657568bf-a1d5-48c9-b53d-afef6247aa08,5cf08c14-cb88-4c6b-9cd5-167114c95b04,Fishiful Pink,ONE SIZE,5.0,6.0,17.5,In Stock,2024-01-12 13:18:26
3239d48f-26eb-459e-920b-7da7de99072f,94d5834d-0942-48ff-a852-9cd665703b58,Forest Fauna Bear,ONE SIZE,7.0,6.0,32.5,In Stock,2024-01-12 13:18:28
9fb182e3-98a5-4077-bd07-2ba5272fe7e2,cd39e18c-1798-496e-85a7-99035c488f56,Forest Fauna Frog,ONE SIZE,8.0,4.0,32.5,In Stock,2024-01-12 13:18:29
0168350f-096b-4e8f-b141-f67636e78402,c12636e5-b42c-4a26-8ec3-e241f407b136,Forest Fauna Owl,ONE SIZE,7.0,4.0,32.5,In Stock,2024-01-12 13:18:31
0cbd5bc9-19bd-4173-9fc4-8788336cf3c9,fe9a1f22-1fa6-4951-9ee8-94277a24422d,Freddie Sausage Dog,LARGE,7.0,7.0,30.0,Out of stock,2024-01-12 13:18:33
a0d78bf1-abe6-43ee-b212-333b2923e133,fe9a1f22-1fa6-4951-9ee8-94277a24422d,Freddie Sausage Dog,SMALL,5.0,7.0,22.0,In Stock,2024-01-12 13:18:33
9d04a99e-af65-4ecd-b933-a7458b2bfbbc,e4c084df-b891-43c9-9ca9-bb549927fc94,Gilbert the Great Blue Whale,ONE SIZE,7.0,22.0,85.0,In Stock,2024-01-12 13:18:35
73930194-5fba-4989-9fbe-62e46f07d873,b929c003-c788-4321-8eb3-c50f7c8f7dd5,Glamorama Cat,ONE SIZE,16.0,4.0,40.0,In Stock,2024-01-12 13:18:37
be14f883-7460-49bb-aefa-e6dba6b41e88,4d625d6f-39e9-446e-8556-af1977addeb2,Glamorama Pig,ONE SIZE,11.0,6.0,40.0,In Stock,2024-01-12 13:18:38
4b487e01-8a6c-4439-94d2-7c906f894636,1b0da493-5cb0-48a9-a3d3-49dec02b3103,Grizzo Gremlin,ONE SIZE,11.0,4.0,35.0,In Stock,2024-01-12 13:18:40
264d0a63-d740-4246-bcc4-a5d444e1c208,a5a2719b-79b1-4c77-9811-cd360e6f3307,Hamish Hedgehog,ONE SIZE,8.0,16.0,75.0,In Stock,2024-01-12 13:18:42
78231876-d169-4f35-a7bb-3e300cdf7b25,915a0167-d313-4ecc-b5db-6efc972bb4bb,Humphrey the Humpback Whale,ONE SIZE,8.0,20.0,85.0,In Stock,2024-01-12 13:18:43
e01f7a1a-a201-43a6-a89e-44087df39f44,bd6cc6c3-0dde-4a5c-a5d1-d85548729a29,Bashful Golden Bunny with Personalised Cream Jumper,MEDIUM,12.0,5.0,38.0,In Stock,2024-01-12 13:18:45
87a431bc-fe32-4955-89bf-bb6c73a3125e,11dabf59-eabd-405b-ae90-3086889904a1,Bashful Mineral Blue Bunny with Personalised Cream Jumper,MEDIUM,12.0,5.0,38.0,In Stock,2024-01-12 13:18:47
515298b0-c44a-41df-a97a-a22c0701a3ee,89dc1e17-16e6-4ec4-b569-785783d8cf0b,Bashful Golden Bunny with Personalised Navy Jumper,MEDIUM,12.0,5.0,38.0,In Stock,2024-01-12 13:18:49
4e2a57c5-4394-4fcd-ac2f-2ccdea7d1783,f6b2fce0-7c3d-449c-b578-2b7905be0b0f,Bashful Mineral Blue Bunny with Personalised Navy Jumper,MEDIUM,12.0,5.0,38.0,In Stock,2024-01-12 13:18:51
fe4b4e86-2a10-4e11-ba44-47a614c371f6,d74640d6-ff97-4233-9b69-cd96fe45037f,Bashful Golden Bunny with Personalised Red Jumper,MEDIUM,12.0,5.0,38.0,In Stock,2024-01-12 13:18:53
452fbcff-4ca1-45d5-af82-2ac66d60fb58,4dddcd16-a02b-4d38-817a-23e8c4bede30,Bashful Mineral Blue Bunny with Personalised Red Jumper,MEDIUM,12.0,5.0,38.0,In Stock,2024-01-12 13:18:55
9459b725-ec0b-445a-9fc6-ac6f0d34aaf1,f16483d9-2544-4915-afa8-50ff56efa0da,Bashful Wolf with Personalised Red Jumper,MEDIUM,12.0,5.0,38.0,In Stock,2024-01-12 13:18:57
4f3e2c7a-cadc-4aa5-8643-36384cb9e0a4,e6fb7858-8879-4c3b-b242-9a50cbaef095,Little Tiger,ONE SIZE,7.0,4.0,22.0,In Stock,2024-01-12 13:18:59
f179dce9-2f08-46dd-9dd3-04e4a2173541,8db0154a-992a-40a7-a55f-3e5ae3e2b16f,Letty Jellyfish,ONE SIZE,23.0,6.0,39.5,In Stock,2024-01-12 13:19:01
c853fd9c-7741-472c-862f-e9e3103d56e7,86ff7225-e661-4298-9126-521aa36c99db,Napping Nipper Dog,ONE SIZE,4.0,6.0,25.0,In Stock,2024-01-12 13:19:03
76bb11a0-cdea-4226-98d4-34ce41272831,f52fa454-eba6-401c-a41d-cb6c7c35e660,Nippit Beaver,ONE SIZE,5.0,3.0,15.0,In Stock,2024-01-12 13:19:04
93353501-b59c-47f2-8cd6-319f78a427bf,5e25329f-dda0-451f-aac2-f5d7e7ecad4f,Nippit Owl,ONE SIZE,5.0,3.0,15.0,In Stock,2024-01-12 13:19:06
16bfc4ae-f681-474d-862d-012d5a7f45d6,f30e7975-8b5b-4c55-8852-cbae938a5904,Oakley Owl,ONE SIZE,9.0,5.0,32.5,In Stock,2024-01-12 13:19:08
12929d4c-d407-48e4-81ba-3b77ce1a47c3,a2a614a2-18d6-4e7d-89b2-862c4f39860b,Oberon Owl,ONE SIZE,10.0,5.0,30.0,In Stock,2024-01-12 13:19:10
fb7351c8-9211-4853-bee4-0a7034ce9c45,abccb5f0-023b-45ff-b8bf-0af7aad0fa5a,Pongo Orangutan,HUGE,23.0,7.0,65.0,In Stock,2024-01-12 13:19:11
42cae10c-0f75-4d8a-800b-f7761ca2c44e,bde1ac5b-196b-439c-bcd4-cb31db3452eb,Otto Sausage Dog,HUGE,11.0,13.0,75.0,Out of stock,2024-01-12 13:19:13
d3dd2600-0e0b-4f44-ab2e-dff9bd447365,bde1ac5b-196b-439c-bcd4-cb31db3452eb,Otto Sausage Dog,LARGE,7.0,7.0,30.0,More on the way,2024-01-12 13:19:13
3e985b7a-661f-4f93-bf02-dea9d57a38d0,bde1ac5b-196b-439c-bcd4-cb31db3452eb,Otto Sausage Dog,SMALL,5.0,7.0,22.0,In Stock,2024-01-12 13:19:13
3fc10cb8-f581-4175-8405-34cbfed63354,e3fcea9e-186e-40b1-9c9c-043c04637905,Personalised Bashful Golden Bunny Medium,MEDIUM,12.0,5.0,34.0,In Stock,2024-01-12 13:19:15
78d5ee96-7ded-4ac4-b69b-8e386442e13a,04158b5c-3794-4d5a-b2b5-fa50aea117f2,Personalised Bashful Mineral Blue Bunny Medium,MEDIUM,12.0,5.0,34.0,In Stock,2024-01-12 13:19:17
f0fc7451-2990-46b8-9ff6-1331a9ae9336,ed811d7f-61b5-4434-a75e-df3ff05ca948,Pip Monster,SMALL,9.0,4.0,22.5,In Stock,2024-01-12 13:19:19
4e96f82c-84df-49c0-8cf0-3093a0bdeda1,247fe696-1584-4ae9-adfb-0ceaeb275c7c,Rock-a-Bye Mouse,ONE SIZE,7.0,4.0,30.0,In Stock,2024-01-12 13:19:21
0d4a02d2-2872-4da0-81c3-5e6056aa93ce,979590b4-7e5d-44ad-a702-560795b6ae11,Sweater Sausage Dog Pink,ONE SIZE,6.0,3.0,32.5,In Stock,2024-01-12 13:19:26
5b7ea313-fbf9-4707-b996-c7bb25e44b96,5ab9f26b-e68f-4bc3-b0cb-b73b8810311c,Sweater Sausage Dog Yellow,ONE SIZE,6.0,3.0,32.5,In Stock,2024-01-12 13:19:27
d2a2f9ec-5df1-46fd-93bd-56518f47470e,2902c535-baff-468c-97ab-b3b0477eb130,Seraphina Pegasus,ONE SIZE,9.0,20.0,68.5,In Stock,2024-01-12 13:19:29
16ebaa48-c7d7-4a7f-b045-623cbc3f87b8,3095909b-93e5-47f8-ab1f-0d8d929ef7a1,Sigmund Seal,ONE SIZE,7.0,13.0,50.0,In Stock,2024-01-12 13:19:31
9c32af3f-4be4-406a-8736-9d3daa6ee432,d8ca7f78-9d66-4d01-8e01-a06292fb6f6e,Snoozling Hedgehog,ONE SIZE,11.0,6.0,36.0,In Stock,2024-01-12 13:19:32
5f075b2f-2248-47a5-bd53-37bc827dec1f,3d59fd87-69a6-49d1-b8d0-7027a79e750d,Spindleshanks Crab,ONE SIZE,3.0,15.0,33.0,In Stock,2024-01-12 13:19:34
8023eb76-c1fe-4f56-822a-6f8d64435949,25b96898-09fb-46b3-8a9e-f38133a49378,Splootie Elephant,ONE SIZE,7.0,22.0,68.0,In Stock,2024-01-12 13:19:37
0d19ea4c-ff40-4d87-916e-1cbcd1b716f4,c8bc1838-3ec8-4b6b-ab9b-337c3665795a,Birdling Robin,ONE SIZE,4.0,3.0,17.0,In Stock,2024-01-12 13:19:38
002f7dad-f394-497a-a0ce-4d8d05901366,8ff4cf21-afb1-46e6-8656-e1ee8e86179a,Shimmer Stocking Bunny,ONE SIZE,8.0,4.0,28.5,In Stock,2024-01-12 13:19:40
fe7ffc05-66fc-4a95-9fee-c66abf3ab68b,819be67c-da9b-4c2c-96b0-bfdc460b260c,Ambalie Bear,ONE SIZE,9.0,6.0,30.0,In Stock,2024-01-12 13:19:42
8f29e463-1975-47f1-8b64-1d448baee512,704ff485-454c-4cc5-8606-193186494bd4,Ambalie Bunny,ONE SIZE,9.0,6.0,30.0,In Stock,2024-01-12 13:19:43
b760f6c5-4505-4e23-bdd6-9c16b9a93fd8,82f629fe-02c4-46d9-b711-6f7cbe5e2d13,Bashful Zebra,MEDIUM,12.0,5.0,28.0,In Stock,2024-01-12 13:19:45
21552563-6ed6-4bac-aea6-fe7cdabc0742,607ade81-2c90-43a2-b7f3-19a89b30de59,If I Were An Owl Book,ONE SIZE,6.0,6.0,13.5,In Stock,2024-01-12 13:19:46
ae0064f9-e4fc-4a65-aed1-b7fc7f071891,6a7fb7bf-067f-41de-9d8d-19faab026d55,Betty Corgi,HUGE,13.0,13.0,75.0,More on the way,2024-01-12 13:19:48
b3a4f89c-cdd7-4928-993b-bc94775837ee,6a7fb7bf-067f-41de-9d8d-19faab026d55,Betty Corgi,MEDIUM,7.0,10.0,30.0,In Stock,2024-01-12 13:19:48
6ed9c19c-c457-443c-870b-8fd90cb6da4c,5f893983-eef4-48ab-a73c-fb6be43e3c18,Big Spottie Giraffe,ONE SIZE,19.0,6.0,75.0,In Stock,2024-01-12 13:19:50
0e2492bb-a2e4-4a02-8d39-3c210ef444d4,fa1f05a9-040e-4c4c-b989-0a1824ea058f,Big Spottie T-Rex,ONE SIZE,18.0,6.0,75.0,In Stock,2024-01-12 13:19:51
3219759b-d974-4b91-b9e0-f39f78215928,150f6134-7411-4ae7-af3f-197bf208c49a,Cruz Crested Newt,ONE SIZE,12.0,4.0,32.5,In Stock,2024-01-12 13:19:53
e2388dac-b7bd-455d-a0e1-edcf8fa02fd4,732db289-6026-4b6d-bf3e-4a871208dde1,Cooper Doodle Dog,ONE SIZE,9.0,8.0,33.0,In Stock,2024-01-12 13:19:55
307f3b82-1b5e-4fcb-9bce-001e4c9eb5d1,03b7bfb7-27a2-4701-bb7c-838a56e1a735,Flumpie Frog,ONE SIZE,7.0,5.0,28.0,In Stock,2024-01-12 13:19:57
36e6ed69-84bc-4a66-9128-8624a708bbb4,690720ce-5bed-4e9f-b37b-63f01fdbf8ba,Happihoop Owl,ONE SIZE,8.0,4.0,32.0,In Stock,2024-01-12 13:19:58
daa9828d-4165-47d4-b8ed-7cde8a23621e,458915e0-e674-4042-8543-d9007998e46d,Harper Pup,ONE SIZE,15.0,9.0,55.0,In Stock,2024-01-12 13:20:00
06838b0d-3503-4a59-91df-3bf3ec95f06e,fae8f6a4-60d9-4a01-bc28-307a30c832b2,Hibernating Bunny,ONE SIZE,5.0,5.0,22.0,In Stock,2024-01-12 13:20:02
a507dbc9-2940-40f5-8c14-c49fcc6a0b99,8bfa994f-18db-45b6-b16b-6b07d7540900,Huddles Bunny,ONE SIZE,9.0,6.0,45.0,In Stock,2024-01-12 13:20:04
b5b7b51e-341b-4707-bba2-69ab046739cb,226af5ec-b7f2-4238-9028-83cbd5dd8364,Huddles Duck,ONE SIZE,9.0,6.0,45.0,In Stock,2024-01-12 13:20:06
edc689d0-51e6-4e09-b561-a1466ca820cc,dccc28c3-82bd-4b51-b5f1-29d98b229480,Jubjub Gookie,ONE SIZE,9.0,4.0,30.0,In Stock,2024-01-12 13:20:08
cb408ecb-d55e-46b6-b7e9-67c2f4f8dbd8,184b0eab-ee65-4cf6-9bfa-5d595ae48eae,Mack Mudskipper,ONE SIZE,10.0,4.0,28.5,In Stock,2024-01-12 13:20:09
a514b9a1-9ce1-4e80-a1b0-b9b1b1bcd82d,6d399550-0b77-4b1b-a63a-d903f4d2cac1,Obbie Octopus,ONE SIZE,11.0,10.0,40.0,In Stock,2024-01-12 13:20:11
91c8581c-9568-4951-af5b-be2e35992544,dd3a8508-7aab-4df2-b0ee-3dd6a8ce4328,Orson Horse,ONE SIZE,14.0,5.0,35.0,In Stock,2024-01-12 13:20:13
cb7aaab0-f92c-4254-88f5-ad3bcb711d56,f62da7c0-8b10-4fcd-92b3-d0f411aac4a8,Peek-a-Boo Elly Activity Toy,ONE SIZE,6.0,5.0,32.0,In Stock,2024-01-12 13:20:14
5e1c297c-18ea-43af-b388-65e47d3982ac,0fd10cf4-f65a-40ff-b3b6-0f43b97994b0,Penny Praying Mantis,ONE SIZE,9.0,8.0,32.5,In Stock,2024-01-12 13:20:16
586c2c8d-a505-40ec-9582-f366d0663d98,1436991c-e767-4c68-817a-0721b7986429,Ribble Dog,ONE SIZE,14.0,4.0,30.0,In Stock,2024-01-12 13:20:18
386d3c4f-aec9-4e43-93fc-ee4e92ce3de3,7f7649da-aae8-4202-ae82-856a3a42b22f,Ribble Elephant,ONE SIZE,15.0,4.0,30.0,In Stock,2024-01-12 13:20:19
f108f4b7-4ae2-4e5a-bbe6-6b2f3139e5ad,de440169-2880-46d9-ad50-8634fee4dc8c,Ribble Giraffe,ONE SIZE,16.0,4.0,30.0,In Stock,2024-01-12 13:20:21
5c03c1bd-fb4b-40ef-8c45-d31bd1248b2e,4f2445ca-0bb6-46a3-a00a-078953df54b1,Rose Dragon,HUGE,7.0,26.0,120.0,In Stock,2024-01-12 13:20:23
80ca9795-2ae9-43ee-a336-299ff53062eb,4f2445ca-0bb6-46a3-a00a-078953df54b1,Rose Dragon,MEDIUM,5.0,20.0,65.0,In Stock,2024-01-12 13:20:23
3be5c07d-a67e-416f-bb32-376ef655694b,4f2445ca-0bb6-46a3-a00a-078953df54b1,Rose Dragon,LITTLE,3.0,12.0,32.5,In Stock,2024-01-12 13:20:23
76965d6a-fd8a-4142-902a-ad12988475d7,93093557-63b5-4091-b778-097f4c1f4be7,Ricky Rain Frog,LARGE,10.0,12.0,60.0,In Stock,2024-01-12 13:20:25
d2f405c0-d117-46f6-9c3a-2e03cf6942de,93093557-63b5-4091-b778-097f4c1f4be7,Ricky Rain Frog,MEDIUM,5.0,7.0,28.0,More on the way,2024-01-12 13:20:25
1706df2e-8b95-4eeb-842f-4cb327eb8064,15f9c8e9-4f86-4911-b685-6e841bbe6237,Rufus Bear,LARGE,15.0,5.0,45.0,In Stock,2024-01-12 13:20:27
c90401a3-0064-4cc6-b89e-aa262842adea,15f9c8e9-4f86-4911-b685-6e841bbe6237,Rufus Bear,MEDIUM,11.0,4.0,27.5,In Stock,2024-01-12 13:20:27
d5e8f5b1-591c-44b3-99ce-6043140993a1,196ff28c-74b3-4ddd-8a3b-f148d3dbf5bb,Snuggler Puppy,ONE SIZE,9.0,5.0,25.0,In Stock,2024-01-12 13:20:29
2c0c3c68-1069-42df-a62a-7dbb0e68bcf1,adfed502-e691-4ba6-aee8-d7dbf23018ff,Taylor Tiger,LARGE,6.0,18.0,80.0,More on the way,2024-01-12 13:20:31
eb9ae63b-4aaa-4788-ae4c-cb8f567c1582,adfed502-e691-4ba6-aee8-d7dbf23018ff,Taylor Tiger,LITTLE,3.0,11.0,35.0,In Stock,2024-01-12 13:20:31
821224b7-6e6f-4eb5-ba3f-20e998b08f99,be8829cb-0f5e-488b-9bee-fe2eb0ab0fda,Willow Hedgehog,ONE SIZE,7.0,4.0,23.5,In Stock,2024-01-12 13:20:33
40ac98ce-bded-43d1-9a93-e4620f993cae,48fb32ac-627a-4291-acca-aeb9b295a819,Wriggidig Ant,ONE SIZE,5.0,6.0,23.5,In Stock,2024-01-12 13:20:35
b89016e2-20a4-4b62-ad28-5847dac3d934,231fbb14-5805-4796-ae77-c440c501d2b5,Wriggidig Bug,ONE SIZE,7.0,2.0,23.5,In Stock,2024-01-12 13:20:37
53612fb3-3bc5-45df-b533-4b36f3e7f3fb,221628eb-2d8e-41a8-b1cc-2fc5aa0e4801,Bashful Lilac Bunny,MEDIUM,12.0,5.0,28.0,In Stock,2024-01-12 13:20:39
f4076da6-9353-4f12-b65a-5576636edc8b,221628eb-2d8e-41a8-b1cc-2fc5aa0e4801,Bashful Lilac Bunny,SMALL,7.0,4.0,18.0,Out of stock,2024-01-12 13:20:39
292e1b1f-eb66-4a7a-8829-1f4039c26fbd,a300de67-784f-435b-abdd-cf8fcfae6b8c,Bashful Petal Bunny,MEDIUM,12.0,5.0,28.0,In Stock,2024-01-12 13:20:42
362e397e-b07f-4996-97cb-772d940a5739,a300de67-784f-435b-abdd-cf8fcfae6b8c,Bashful Petal Bunny,SMALL,7.0,4.0,18.0,More on the way,2024-01-12 13:20:42
3f6f873a-3131-4079-a23c-71a132e47aa6,766ae586-a287-4cbd-8dc9-6799a8cfc7b5,Bashful Fudge Bunny,MEDIUM,12.0,5.0,28.0,More on the way,2024-01-12 13:20:44
49cd82b9-4f5f-48c1-bb52-7a06f878cd92,766ae586-a287-4cbd-8dc9-6799a8cfc7b5,Bashful Fudge Bunny,SMALL,7.0,4.0,18.0,In Stock,2024-01-12 13:20:44
e24da601-ee23-4d1e-9224-cc4f5349ac83,06684140-1202-4dd9-b3b9-f1ff5639513f,Who Can I Find Book,ONE SIZE,7.0,7.0,15.0,In Stock,2024-01-12 13:20:46
58449430-dac5-4359-9e47-3dd5d42b4580,7d1684f2-d2a3-4f1f-8151-0a5d547bcb66,Blossom Sage Bunny,MEDIUM,12.0,5.0,28.0,In Stock,2024-01-12 13:20:48
e206f755-5981-4cb9-adc7-ef920ea8106f,7d1684f2-d2a3-4f1f-8151-0a5d547bcb66,Blossom Sage Bunny,SMALL,7.0,4.0,18.0,More on the way,2024-01-12 13:20:48
cd89c967-10c8-4476-98d1-a8e2038bcaf3,e94d8ef9-4ad8-42af-826c-a66a6a8c1ce7,Blossom Jasmine Bunny,MEDIUM,12.0,5.0,28.0,In Stock,2024-01-12 13:20:50
207bcdbc-dd6b-4821-be72-a2e60471b7cf,e94d8ef9-4ad8-42af-826c-a66a6a8c1ce7,Blossom Jasmine Bunny,SMALL,7.0,4.0,18.0,Returning to stock 2-3 months,2024-01-12 13:20:50
0a3573f7-86b0-48da-a390-a158cb3e0431,4744660b-110c-4302-94ec-06f7baf3081e,Bashful Lilac Bunny with Personalised Cream Jumper,MEDIUM,12.0,5.0,38.0,In Stock,2024-01-12 13:20:52
f5a50791-6b76-4ba8-ae05-369fcf10ed3a,acda64c8-a19f-491b-9f6a-5a99f70b8d4c,Bashful Petal Bunny with Personalised Cream Jumper,MEDIUM,12.0,5.0,38.0,In Stock,2024-01-12 13:20:54
34e5b8d5-bef3-43f1-9133-19632a73a321,5754f823-b41d-492d-95b1-019078bbe123,Blossom Sage Bunny with Personalised Cream Jumper,MEDIUM,12.0,5.0,38.0,In Stock,2024-01-12 13:20:56
5bdd941e-5288-485c-9f6a-b27584f95ee8,ad384988-0e7f-49a3-b155-b3bdfe28c446,Blossom Jasmine Bunny with Personalised Cream Jumper,MEDIUM,12.0,5.0,38.0,In Stock,2024-01-12 13:20:58
18cd272c-6a41-4f6f-85db-cde7165a515d,de138b7c-eae5-4baa-8a94-1f917e692c69,Bashful Lilac Bunny with Personalised Navy Jumper,MEDIUM,12.0,5.0,38.0,In Stock,2024-01-12 13:21:00
8413adcc-ce8a-4e2e-8c7c-fb264a1be165,0eadce9b-91e0-462c-9b2b-951e6ee5e1b7,Bashful Petal Bunny with Personalised Navy Jumper,MEDIUM,12.0,5.0,38.0,In Stock,2024-01-12 13:21:02
12de10a9-4aa8-473a-b612-c8b56d92cd76,006572f0-969b-48e1-a131-9328295432fa,Blossom Sage Bunny with Personalised Navy Jumper,MEDIUM,12.0,5.0,38.0,In Stock,2024-01-12 13:21:04
d8de6771-061b-4e93-ab9d-64cdcbba3f45,58e8821f-4a46-40e9-8174-4bb1625ae40e,Blossom Jasmine Bunny with Personalised Navy Jumper,MEDIUM,12.0,5.0,38.0,In Stock,2024-01-12 13:21:06
9831fff5-702f-43ce-bacf-0f386230b356,d61500e5-6a7c-4391-a43e-8e678ce4acc9,Bashful Lilac Bunny with Personalised Red Jumper,MEDIUM,12.0,5.0,38.0,In Stock,2024-01-12 13:21:08
96028963-8740-41f2-bbaa-16bdd4ddd89e,98cac4ea-75cc-4639-8b9a-60376f48c3c4,Bashful Petal Bunny with Personalised Red Jumper,MEDIUM,12.0,5.0,38.0,In Stock,2024-01-12 13:21:10
1fe25483-b604-4f55-8f4b-fc397362e325,5bf16c93-cef6-4ab8-8232-f7126ffabd20,Blossom Sage Bunny with Personalised Red Jumper,MEDIUM,12.0,5.0,38.0,In Stock,2024-01-12 13:21:12
44f8796d-ba7f-43f7-8966-f51dc224aa19,01641121-d9e6-4255-ad0f-8ddbab175398,Blossom Jasmine Bunny with Personalised Red Jumper,MEDIUM,12.0,5.0,38.0,In Stock,2024-01-12 13:21:14
dc798587-0060-405d-a601-086cb4137e28,c42b73d8-274c-4821-ac8b-dd3314534a41,Personalised Bashful Lilac Bunny Medium,MEDIUM,12.0,5.0,34.0,In Stock,2024-01-12 13:21:16
f8037e86-ea8c-4037-83eb-365f601240d3,0b921539-152b-4a74-b272-18e26561ac62,Personalised Bashful Petal Bunny Medium,MEDIUM,12.0,5.0,34.0,In Stock,2024-01-12 13:21:18
df11b2d8-8e89-4747-a2c5-22cd18cbd983,ec4c62f9-ebec-4f34-a13a-123816575c37,Alice Axolotl,MEDIUM,11.0,5.0,32.5,More on the way,2024-01-12 13:21:20
b39fbb43-ea21-4a4f-a502-2f36adc2f0b8,ec4c62f9-ebec-4f34-a13a-123816575c37,Alice Axolotl,SMALL,7.0,2.0,22.0,In Stock,2024-01-12 13:21:20
a29d0cc6-e305-4d76-9216-c946c3e693cf,be446754-6ef9-4a4c-bfa9-a3e44fdabf5f,Bashful Shimmer Bunny,MEDIUM,12.0,5.0,28.0,In Stock,2024-01-12 13:21:22
83c44865-dc05-4e13-a1e0-a6bad83f0204,be446754-6ef9-4a4c-bfa9-a3e44fdabf5f,Bashful Shimmer Bunny,SMALL,7.0,4.0,18.0,In Stock,2024-01-12 13:21:22
2da439b8-7473-4455-a6b0-25f19d98dec3,3fb8ab7f-7847-464d-9a47-cf8686c75ad9,If I Were A Pony Book,ONE SIZE,6.0,6.0,13.5,In Stock,2024-01-12 13:21:24
0bb8dde9-a5eb-4f00-ad90-9a24827025b4,ec0b270e-8599-43e6-b906-c8c26d68b2d0,Blossom Bea Beige Bunny Comforter,ONE SIZE,10.0,9.0,17.0,In Stock,2024-01-12 13:21:26
70f3f83d-59e7-4d66-81d0-01b8469daa89,0e742835-9982-466d-ad9b-dd6ec14cfdf6,Cozy Crew Octopus,ONE SIZE,8.0,4.0,25.0,In Stock,2024-01-12 13:21:27
5cff4ce6-0f23-46cb-83d3-8bd0b3266c12,8fff76f7-b0c9-4799-9608-ac079b6f3787,Fossilly Stegosaurus,MEDIUM,6.0,5.0,38.0,In Stock,2024-01-12 13:21:29
a089ac29-51b7-4723-8255-da0a20e2724f,8fff76f7-b0c9-4799-9608-ac079b6f3787,Fossilly Stegosaurus,SMALL,3.0,2.0,15.0,More on the way,2024-01-12 13:21:29
d46a4bf7-70d1-401d-a42a-1eb841f57aeb,7c0997b2-f21a-48c5-b113-5fdf85838c59,Fuddlewuddle Lion Soother,ONE SIZE,13.0,13.0,25.0,In Stock,2024-01-12 13:21:31
86af69fe-bf29-4a6d-847f-471fc4d4b94b,f256fb6e-bec2-4a30-b5ab-696519f29156,Bashful Inky Bunny with Personalised Cream Jumper,MEDIUM,12.0,5.0,38.0,In Stock,2024-01-12 13:21:33
d3c3aaf6-dfbc-4b20-be49-5695664795ad,b98b4b30-262a-42aa-9eb5-8740eccad29f,Bashful Shimmer Bunny with Personalised Cream Jumper,MEDIUM,12.0,5.0,38.0,In Stock,2024-01-12 13:21:35
a4205384-b1d0-4b26-a273-4c665e4a316b,0e444fed-a18e-4d37-9b1b-4f3914bca2d1,Bashful Inky Bunny with Personalised Navy Jumper,MEDIUM,12.0,5.0,38.0,In Stock,2024-01-12 13:21:37
4632fb3d-98ec-408c-9751-5903cac83cab,e4ed2bf2-a2df-4178-9a7a-a9578f3a5c36,Bashful Shimmer Bunny with Personalised Navy Jumper,MEDIUM,12.0,5.0,38.0,In Stock,2024-01-12 13:21:39
071313cb-a26b-42b5-a051-1f9e1f097cbd,7ff71723-47c2-438c-a861-b90ed2da526f,Bashful Inky Bunny with Personalised Red Jumper,MEDIUM,12.0,5.0,38.0,In Stock,2024-01-12 13:21:41
216a19e6-8efc-4468-9da7-12e552ffb0c3,9da241c4-0671-4803-983d-3774732770f3,Bashful Shimmer Bunny with Personalised Red Jumper,MEDIUM,12.0,5.0,38.0,In Stock,2024-01-12 13:21:43
ec1936b3-4f43-4120-9208-eb074e625df1,9e76019e-b903-4911-bae3-ece7df2e9062,Lingley Bunny Soother,ONE SIZE,11.0,7.0,20.0,In Stock,2024-01-12 13:21:45
87d420be-b1a4-4152-b7dc-a437d6227b71,3b5663f9-f1ad-415e-9b64-1f828e37adfe,Lingley Elephant Soother,ONE SIZE,11.0,7.0,20.0,In Stock,2024-01-12 13:21:47
dc1c0c6d-2241-4aeb-bdc6-f8c9f3084642,e5b4c0fc-650c-4034-8fbf-604b1f612d7f,Tartan Lottie Bunny,ONE SIZE,11.0,4.0,27.5,In Stock,2024-01-12 13:21:48
cc5ed5ba-a4d2-4e2b-b58d-aeb155a6f7e2,61315227-a6d0-4a46-9ac5-45ba891de337,Onyx Dragon,HUGE,7.0,26.0,120.0,Out of stock,2024-01-12 13:21:50
92b82278-f175-405e-968a-9e68d9449cc6,61315227-a6d0-4a46-9ac5-45ba891de337,Onyx Dragon,MEDIUM,5.0,20.0,65.0,In Stock,2024-01-12 13:21:50
e3fbe062-9f44-4f6c-ae9a-84063b2e7086,61315227-a6d0-4a46-9ac5-45ba891de337,Onyx Dragon,LITTLE,3.0,12.0,32.5,More on the way,2024-01-12 13:21:50
24c3ef44-43c0-4070-8d9a-a5a7a18fff09,c979b766-fb60-4fec-a455-63faa1fc0e0f,Personalised Bashful Shimmer Bunny Medium,MEDIUM,12.0,5.0,34.0,In Stock,2024-01-12 13:21:52
1869ebff-b06b-4e46-ab5c-7314e6181492,c90f375e-3d73-4996-b1cf-b5756d0f4773,Personalised Fuddlewuddle Lion Soother,ONE SIZE,13.0,13.0,31.0,In Stock,2024-01-12 13:21:54
8516181f-856f-45c9-92c0-1d0afcaa487c,06e1c196-42e0-4a13-ac56-c0cea60ad20c,Personalised Onyx Dragon Huge,HUGE,7.0,26.0,126.0,In Stock,2024-01-12 13:21:56
5fe9a183-4c0e-4502-ab95-fec4481c72e9,24a2d656-e34c-4be3-9cc7-e403c8e6903c,Personalised Snow Dragon Huge,HUGE,7.0,26.0,126.0,In Stock,2024-01-12 13:21:58
862b1555-afb7-4510-98f3-f48abe508882,e231ac0e-5490-4411-8d69-fc2a20998632,Rumpletum Lion,ONE SIZE,11.0,8.0,40.0,In Stock,2024-01-12 13:22:00
7673bc53-2ab9-4b97-b29a-fa089525bf53,96bafe95-7dbf-4d30-926c-53c3ff119337,Snuggler Cat,ONE SIZE,9.0,5.0,25.0,In Stock,2024-01-12 13:22:01
c66c53f0-a099-4c62-8ed1-e90e9edb74cd,48111d39-a3ca-4a4b-bc1a-699e819f30f1,Smudge Bear,MEDIUM,9.0,6.0,35.0,In Stock,2024-01-12 13:22:03
2c0ee392-7021-4336-9c3c-ea8a90485ccd,7f2cd2bb-ab4a-4056-9080-d24632a2b680,Cordy Roy Baby Bunny Soother,ONE SIZE,11.0,9.0,23.0,In Stock,2024-01-12 13:22:05
336c90ec-2225-49af-b1a7-e12728eee59d,e22fac3c-5c5b-4a6a-ad02-c8385bb22c4f,Cordy Roy Baby Lion Soother,ONE SIZE,11.0,9.0,23.0,In Stock,2024-01-12 13:22:06
decb23ac-6cf1-4590-bc51-4669e86544df,a3d592e9-9263-410d-9d30-06ba8c589e0f,Bashful Tiger,HUGE,20.0,8.0,80.0,In Stock,2024-01-12 13:22:08
d8b97436-d696-4a68-8f6d-7338b60f9362,a3d592e9-9263-410d-9d30-06ba8c589e0f,Bashful Tiger,MEDIUM,12.0,5.0,28.0,More on the way,2024-01-12 13:22:08
41bf8d40-ee6f-480d-99d4-97e344c97237,a3d592e9-9263-410d-9d30-06ba8c589e0f,Bashful Tiger,SMALL,7.0,4.0,18.0,In Stock,2024-01-12 13:22:08
2f9fcf91-95f7-4441-b429-dc0db53efd6d,acf6aa75-faf0-4721-abbf-c6e7bb28b1bb,Bashful Cerise Bunny,MEDIUM,12.0,5.0,28.0,Out of stock,2024-01-12 13:22:10
0c0162d3-deed-4fcc-8632-1f0cbb74c3db,acf6aa75-faf0-4721-abbf-c6e7bb28b1bb,Bashful Cerise Bunny,SMALL,7.0,4.0,18.0,In Stock,2024-01-12 13:22:10
9f309007-c4d5-4a6f-9d7f-b4aaa10f9efc,76eb2069-580b-4747-b603-44254b35a988,Beatrice Butterfly,LARGE,8.0,13.0,33.0,In Stock,2024-01-12 13:22:12
8bc6ca1a-20ca-4c0b-95af-e32f34a2e667,de286b1a-4252-4def-982e-18a8cae42b82,Little Me Book,ONE SIZE,8.0,8.0,15.0,In Stock,2024-01-12 13:22:13
abc4c977-43d0-46da-abbd-1938c71177d7,541a125c-61d5-45fe-8f37-3c2a3f0a6672,Blossom Dusky Blue Bunny,MEDIUM,12.0,5.0,28.0,In Stock,2024-01-12 13:22:15
d6c10bb0-9eeb-4996-a330-bf22f4cc4bb1,541a125c-61d5-45fe-8f37-3c2a3f0a6672,Blossom Dusky Blue Bunny,SMALL,7.0,4.0,18.0,Out of stock,2024-01-12 13:22:15
4db9c516-16a2-4721-92c9-475dc560d689,04d40300-c155-4f76-8b90-b99f694224e0,Fossilly T-Rex,MEDIUM,11.0,6.0,38.0,In Stock,2024-01-12 13:22:17
6ea04b35-45bd-4524-85fd-aa1020cac3b4,04d40300-c155-4f76-8b90-b99f694224e0,Fossilly T-Rex,SMALL,5.0,3.0,15.0,More on the way,2024-01-12 13:22:17
ecc3aa14-133c-46ff-98de-dbc4468c5e1e,db57bc92-6599-4e84-93c3-03d81622e1bb,Bashful Tiger with Personalised Cream Jumper,MEDIUM,12.0,5.0,38.0,In Stock,2024-01-12 13:22:19
509b2937-5a8e-4ed9-ab33-1527b6f8381a,9480b3e7-ca97-4cd4-bf24-f03097e32115,Blossom Dusky Blue with Personalised Cream Jumper,MEDIUM,12.0,5.0,38.0,In Stock,2024-01-12 13:22:21
550ee1d9-9e32-4d42-853c-568dd60a24fc,0eb15a55-ba3f-4a6e-bd3b-e8959c8b32d3,Blossom Bea Beige Bunny with Personalised Cream Jumper,MEDIUM,12.0,5.0,38.0,Out of stock,2024-01-12 13:22:23
5dedff48-84b3-4dec-9e42-0c907689371f,5dacea8e-42bb-4ec6-b620-6ecbdc25e722,Bashful Tiger with Personalised Navy Jumper,MEDIUM,12.0,5.0,38.0,In Stock,2024-01-12 13:22:25
ffe82b1a-424b-4a2f-90a0-a3d406deacd3,ef37e7c3-898e-47d2-a926-af0895d806b1,Blossom Dusky Blue with Personalised Navy Jumper,MEDIUM,12.0,5.0,38.0,In Stock,2024-01-12 13:22:27
a44e57b2-5170-4738-b6e0-5544e9accc21,8d0de7b8-d0eb-4750-aa1b-c425fc003ed7,Blossom Bea Beige Bunny with Personalised Navy Jumper,MEDIUM,12.0,5.0,38.0,In Stock,2024-01-12 13:22:29
3ad8d097-3785-4b14-8e7f-421c6aecf4fa,9d0c6b15-c32d-48ec-85f7-b47bfd7b3512,Bashful Tiger with Personalised Red Jumper,MEDIUM,12.0,5.0,38.0,In Stock,2024-01-12 13:22:31
9ea6ac8f-e90b-4928-a033-c279561e9902,7a40b3c1-c407-49f5-ae37-54e7b6172fa7,Blossom Dusky Blue Bunny with Personalised Red Jumper,MEDIUM,12.0,5.0,38.0,In Stock,2024-01-12 13:22:32
81a64b9e-0c12-4a9f-9e3e-748bd260d1cd,1eff9c0a-51f2-4d22-a7ca-fc2e83bedb06,Blossom Bea Beige Bunny with Personalised Red Jumper,MEDIUM,12.0,5.0,38.0,In Stock,2024-01-12 13:22:34
8c2c3bcf-d616-4674-8247-9cb23d138dac,1a4707f6-78a6-42c5-94dd-f71320c9950a,Odyssey Octopus,REALLY BIG,30.0,12.0,130.0,More on the way,2024-01-12 13:22:37
d27f7741-ca40-4185-bf1c-451d94ccaa43,1a4707f6-78a6-42c5-94dd-f71320c9950a,Odyssey Octopus,HUGE,21.0,9.0,68.5,Out of stock,2024-01-12 13:22:37
5a24ac21-aead-450e-96c2-f27b2c966d44,1a4707f6-78a6-42c5-94dd-f71320c9950a,Odyssey Octopus,LARGE,19.0,7.0,53.0,More on the way,2024-01-12 13:22:37
47da5402-ae5e-48a6-b105-f3d0877e53a7,1a4707f6-78a6-42c5-94dd-f71320c9950a,Odyssey Octopus,LITTLE,9.0,4.0,30.0,In Stock,2024-01-12 13:22:37
95db5c1f-8263-4761-8d70-52fffaba03dc,1a4707f6-78a6-42c5-94dd-f71320c9950a,Odyssey Octopus,TINY,6.0,3.0,18.0,In Stock,2024-01-12 13:22:37
45f88448-fad1-4b1d-a935-47e9dfca65d2,093c3999-a7a0-4f4b-9d1a-622e12b628e4,Sage Dragon,HUGE,7.0,26.0,120.0,More on the way,2024-01-12 13:22:39
b94ae2df-4ca4-4f5c-9de6-0faaf68daf1e,093c3999-a7a0-4f4b-9d1a-622e12b628e4,Sage Dragon,MEDIUM,5.0,20.0,65.0,Returning to stock 2-3 months,2024-01-12 13:22:39
3b3da46d-1ffb-4c2b-b550-f3f1123f91da,093c3999-a7a0-4f4b-9d1a-622e12b628e4,Sage Dragon,LITTLE,3.0,12.0,32.5,In Stock,2024-01-12 13:22:39
f95812c5-b197-414e-8791-c828fedf9185,9214a7ad-b80b-48a4-9896-cab376a197d0,Sienna Seahorse,MEDIUM,11.0,4.0,30.0,More on the way,2024-01-12 13:22:41
303644b9-4dbc-4111-92ba-4ac9e770fb23,9214a7ad-b80b-48a4-9896-cab376a197d0,Sienna Seahorse,SMALL,7.0,2.0,20.0,In Stock,2024-01-12 13:22:41
aaed8014-f003-4cac-b3b2-ad236986e758,72ef118c-41c7-434d-ae0a-71f43f43d51b,Bashful Plum Bunny,HUGE,20.0,8.0,80.0,Out of stock,2024-01-12 13:22:44
b66aee6e-e0b6-4b25-b15b-75435e6e1587,72ef118c-41c7-434d-ae0a-71f43f43d51b,Bashful Plum Bunny,MEDIUM,12.0,5.0,25.0,Out of stock,2024-01-12 13:22:44
0a984114-f9b1-482c-a73e-dc6d91f3335d,72ef118c-41c7-434d-ae0a-71f43f43d51b,Bashful Plum Bunny,SMALL,7.0,4.0,18.0,In Stock,2024-01-12 13:22:44
85960aaf-3d24-4d67-acaa-68c4a9d90d56,4fe70849-55df-4338-98c4-5b95ef3fc888,Fossilly Brontosaurus,MEDIUM,10.0,5.0,38.0,In Stock,2024-01-12 13:22:46
b79517b5-2b2d-4a11-b868-1c2071dc9de9,4fe70849-55df-4338-98c4-5b95ef3fc888,Fossilly Brontosaurus,SMALL,3.0,2.0,15.0,In Stock,2024-01-12 13:22:46
6bebdfaf-f67b-439d-9260-9bec5b270089,e9aa0cb2-85e0-4edd-9c5b-cef67dbfbb25,Fossilly Triceratops,MEDIUM,7.0,4.0,38.0,In Stock,2024-01-12 13:22:48
7635ab75-dbf0-464c-a1d2-248d0670929d,e9aa0cb2-85e0-4edd-9c5b-cef67dbfbb25,Fossilly Triceratops,SMALL,4.0,2.0,15.0,Out of stock,2024-01-12 13:22:48
89ebf82a-bdc4-45ff-9905-b39938a5b84a,bf6e53c8-6453-4244-8a43-0aabb74c2f3f,Kara Kangaroo,LARGE,15.0,5.0,47.5,In Stock,2024-01-12 13:22:50
16f7d7e9-17d9-49f9-8bd7-a23e4a7e7188,bf6e53c8-6453-4244-8a43-0aabb74c2f3f,Kara Kangaroo,SMALL,8.0,4.0,28.5,Out of stock,2024-01-12 13:22:50
7ba9b800-3b40-45e5-a663-1c228703bedb,5f554151-2dc9-4662-a183-2d9efd2b0fbd,Snow Dragon,HUGE,7.0,26.0,120.0,In Stock,2024-01-12 13:22:52
42d4cec9-2466-4b91-8739-56291351b14b,5f554151-2dc9-4662-a183-2d9efd2b0fbd,Snow Dragon,MEDIUM,5.0,20.0,65.0,In Stock,2024-01-12 13:22:52
aea77542-2017-4d36-be2c-2ed60c521a8f,5f554151-2dc9-4662-a183-2d9efd2b0fbd,Snow Dragon,LITTLE,3.0,12.0,32.5,In Stock,2024-01-12 13:22:52
1164fb23-331d-472b-94ec-ee31c87b20f4,3ec74f70-24d4-4b6b-b964-4687e7e825bf,Benji Koala Small,SMALL,9.0,4.0,28.0,In Stock,2024-01-12 13:22:54
281929c5-07a6-4541-be75-68a705341e97,a2ab1d9c-d525-4b78-8779-bf4fc02091ff,Blossom Blush Bunny,LARGE,14.0,6.0,43.0,Out of stock,2024-01-12 13:22:56
3d7f8cc4-cf62-4fa3-b636-e972408a7663,a2ab1d9c-d525-4b78-8779-bf4fc02091ff,Blossom Blush Bunny,MEDIUM,12.0,5.0,28.0,Returning to stock 2-3 months,2024-01-12 13:22:56
e77aabc7-6b2b-4da9-8673-39762f5302b5,a2ab1d9c-d525-4b78-8779-bf4fc02091ff,Blossom Blush Bunny,SMALL,7.0,4.0,18.0,In Stock,2024-01-12 13:22:56
484d0a3f-4432-4428-ba48-2c1cf95ccdb6,fd874fb0-0761-4a33-aad8-59d3e3b5d5d0,Louie Lion,HUGE,9.0,22.0,120.0,Out of stock,2024-01-12 13:22:58
a1e83615-225d-469d-b660-a5ea9156523d,fd874fb0-0761-4a33-aad8-59d3e3b5d5d0,Louie Lion,LARGE,6.0,18.0,80.0,In Stock,2024-01-12 13:22:58
1a041448-96cd-47f3-9dde-7b9e8f972bc5,fd874fb0-0761-4a33-aad8-59d3e3b5d5d0,Louie Lion,LITTLE,3.0,11.0,35.0,More on the way,2024-01-12 13:22:58
668193c9-42dd-4caa-b1b4-4fd5e2139b47,4c3ca856-35c7-4d10-81c5-7a9e815cf0e5,Personalised Odell Octopus Soother,ONE SIZE,13.0,13.0,31.0,In Stock,2024-01-12 13:23:00
e7125fc0-6904-4316-ab1d-12b8c152e5b9,cae71a8d-4bae-4563-845d-8e257ce007e4,Wiley Whale,HUGE,8.0,31.0,90.0,In Stock,2024-01-12 13:23:02
cc4c35fe-b440-450a-9376-d39a8f9191c1,cae71a8d-4bae-4563-845d-8e257ce007e4,Wiley Whale,LARGE,7.0,20.0,53.0,In Stock,2024-01-12 13:23:02
8e242996-4b93-48a8-8d78-a04344ac4269,e1ddf47f-f280-4d2b-af87-1de7c1c19258,Bailey Sloth,MEDIUM,16.0,3.0,35.0,In Stock,2024-01-12 13:23:04
73ad7c91-d6dc-4763-9c65-aa1bd778a019,e1ddf47f-f280-4d2b-af87-1de7c1c19258,Bailey Sloth,SMALL,13.0,2.0,28.0,Out of stock,2024-01-12 13:23:04
1459a384-5d55-4305-b182-ce2bd0e060e9,235c160e-f62b-43a7-85d9-74cb82cf9d7f,Storm Octopus,LARGE,19.0,7.0,53.0,In Stock,2024-01-12 13:23:06
7779b5a5-5d9f-486a-acd1-c214b6074ca9,235c160e-f62b-43a7-85d9-74cb82cf9d7f,Storm Octopus,LITTLE,9.0,4.0,30.0,Returning to stock next week,2024-01-12 13:23:06
880752bc-decd-46fa-95a6-e216ebaa1dc5,235c160e-f62b-43a7-85d9-74cb82cf9d7f,Storm Octopus,TINY,6.0,3.0,18.0,More on the way,2024-01-12 13:23:06
3697222f-d2e4-4a86-84ce-13d54210e048,5f39eb44-b74a-4f58-9a0a-41ecae3edb3e,Bashful Dragon,VERY BIG,43.0,18.0,275.0,In Stock,2024-01-12 13:23:09
8db39b29-60f2-4b00-9382-05ce60564a51,5f39eb44-b74a-4f58-9a0a-41ecae3edb3e,Bashful Dragon,REALLY BIG,26.0,12.0,125.0,More on the way,2024-01-12 13:23:09
abfa815f-2676-42dc-af8e-c17a6fd6088e,5f39eb44-b74a-4f58-9a0a-41ecae3edb3e,Bashful Dragon,HUGE,20.0,8.0,69.5,Out of stock,2024-01-12 13:23:09
633cb658-651a-4df5-acc6-3c8644276c1a,5f39eb44-b74a-4f58-9a0a-41ecae3edb3e,Bashful Dragon,MEDIUM,12.0,5.0,28.0,More on the way,2024-01-12 13:23:09
c42f75d5-1517-4550-9e79-ee642e3400b8,5f39eb44-b74a-4f58-9a0a-41ecae3edb3e,Bashful Dragon,SMALL,7.0,4.0,18.0,More on the way,2024-01-12 13:23:09
5aa5f71f-25fe-4231-8a7b-17d9b6004578,b4c272d3-cd7e-4b3d-adb2-00316b151366,Bashful Dino,VERY BIG,43.0,18.0,275.0,In Stock,2024-01-12 13:23:11
a8d84226-e0c9-43d2-9d82-2ad1e0905ffb,b4c272d3-cd7e-4b3d-adb2-00316b151366,Bashful Dino,REALLY BIG,26.0,12.0,125.0,In Stock,2024-01-12 13:23:11
9292b80e-c74f-4e91-b8c9-2517c23867aa,b4c272d3-cd7e-4b3d-adb2-00316b151366,Bashful Dino,HUGE,20.0,8.0,80.0,In Stock,2024-01-12 13:23:11
37ceedec-62b3-499d-b996-b6cb141971d4,b4c272d3-cd7e-4b3d-adb2-00316b151366,Bashful Dino,MEDIUM,12.0,5.0,28.0,In Stock,2024-01-12 13:23:11
43e89358-4324-43e6-bcc7-44573817d014,b4c272d3-cd7e-4b3d-adb2-00316b151366,Bashful Dino,SMALL,7.0,4.0,18.0,More on the way,2024-01-12 13:23:11
b2ae57fb-38ac-4e7e-9f0d-bbbb24f98b9d,3bb20ec1-276b-4da5-b275-0ea48e589dac,Bashful Turtle,MEDIUM,12.0,5.0,28.0,Returning to stock 2-3 months,2024-01-12 13:23:13
56e373b3-0c2f-4ea6-91e4-c2086339cf1e,3bb20ec1-276b-4da5-b275-0ea48e589dac,Bashful Turtle,SMALL,7.0,4.0,18.0,In Stock,2024-01-12 13:23:13
43de69ec-c0b7-4ae2-92b4-b8a1be624118,d4cd417a-6657-4efb-9193-11dd05546e8a,Elly Ballerina Book,ONE SIZE,12.0,,15.0,In Stock,2024-01-12 13:23:14
b3ac78c5-5f26-4f81-99ef-97eab03e1aeb,e256023d-467b-4ddf-9b7f-03b287fbcd7a,Crispin Crab,MEDIUM,6.0,8.0,33.0,In Stock,2024-01-12 13:23:16
0e472d76-2c44-477a-a4c6-9c56cdbc3137,e256023d-467b-4ddf-9b7f-03b287fbcd7a,Crispin Crab,SMALL,4.0,5.0,24.0,Out of stock,2024-01-12 13:23:16
f50697fc-181d-41fb-8ca9-1e49538ee879,ee9f8a7c-1ebd-4e79-838b-501215777032,Livi Leopard,LARGE,5.0,18.0,80.0,In Stock,2024-01-12 13:23:18
e9e0e536-e918-4bb5-94d5-0028e3e076fe,ee9f8a7c-1ebd-4e79-838b-501215777032,Livi Leopard,LITTLE,3.0,11.0,35.0,Out of stock,2024-01-12 13:23:18
0afea04a-3503-4fdb-9caa-6e874bfe4776,2751de5d-d5ae-48d9-b266-4720020241dc,Bashful Navy Bunny,MEDIUM,12.0,5.0,28.0,In Stock,2024-01-12 13:23:21
600287d1-3c65-4bf1-9384-9ac893baa39c,2751de5d-d5ae-48d9-b266-4720020241dc,Bashful Navy Bunny,SMALL,7.0,4.0,18.0,In Stock,2024-01-12 13:23:21
18ba530a-e6f0-4f7c-9f20-bcb4697d34e0,8e64b94a-d106-4f98-8913-6c4713a6d5f1,Bashful Navy Bunny with Personalised Cream Jumper,MEDIUM,12.0,5.0,38.0,In Stock,2024-01-12 13:23:23
43e0b744-235c-4ccd-83de-76272cb74394,ca93df93-3d81-4fa4-b9b9-25d740479347,Bashful Navy Bunny with Personalised Red Jumper,MEDIUM,12.0,5.0,38.0,In Stock,2024-01-12 13:23:25
2ca2b8a6-8326-417f-b3e2-2bffebef2528,17ee2910-440e-406e-8874-7eb44e9c7e14,Personalised Bashful Navy Bunny Medium,MEDIUM,12.0,5.0,34.0,In Stock,2024-01-12 13:23:27
d5cba353-50ae-41fb-8213-3c4a5da5300d,e66a88ba-cdb0-4d3e-b287-97f1eb44e060,Bashful Blush Bunny,HUGE,20.0,8.0,80.0,Out of stock,2024-01-12 13:23:30
26ddb07e-44ab-4b6c-a229-6087d6072e9d,e66a88ba-cdb0-4d3e-b287-97f1eb44e060,Bashful Blush Bunny,MEDIUM,12.0,5.0,28.0,In Stock,2024-01-12 13:23:30
6386a650-796c-45bb-a55e-9b5fdc363e20,e66a88ba-cdb0-4d3e-b287-97f1eb44e060,Bashful Blush Bunny,SMALL,7.0,4.0,18.0,More on the way,2024-01-12 13:23:30
3a6c26fe-4c05-4b07-97e6-ec993f7454c5,1d10c8e9-625c-4ed2-a4aa-1e4525f55268,My Friend Bunny Book,ONE SIZE,9.0,9.0,15.0,In Stock,2024-01-12 13:23:32
d8131487-e433-44a4-8321-14e2814233a5,f9b284eb-6fbf-4cf5-96c4-66c0a60423a3,Bashful Beige Bunny Blanket,ONE SIZE,40.0,30.0,45.0,In Stock,2024-01-12 13:23:35
4c3fa1d3-0746-4ada-84ba-0145d2a8f217,de10fb38-227b-4584-82f4-4559bb2e01ee,Bashful Blue Bunny Blanket,ONE SIZE,40.0,30.0,45.0,In Stock,2024-01-12 13:23:36
71f787a2-ad68-498c-ab35-fcdbe53d3242,1d459755-2b12-4450-aacc-0be8f4456c5c,Bashful Pink Bunny Blanket,ONE SIZE,40.0,30.0,45.0,In Stock,2024-01-12 13:23:38
ac48c4e6-32b5-4051-8376-c40ef075d17b,5dbc9b8d-efca-436b-9791-ff8e1e14c5e2,Harry Panda Cub,HUGE,20.0,10.0,120.0,Out of stock,2024-01-12 13:23:40
295366b6-63b2-4336-9453-5695422f8610,5dbc9b8d-efca-436b-9791-ff8e1e14c5e2,Harry Panda Cub,LARGE,15.0,8.0,65.0,In Stock,2024-01-12 13:23:40
d3ec8122-a2c9-4745-940f-78868a2e6ff9,5dbc9b8d-efca-436b-9791-ff8e1e14c5e2,Harry Panda Cub,MEDIUM,11.0,6.0,35.0,In Stock,2024-01-12 13:23:40
b4161cb9-abb0-4c36-8fb4-2b1f60b93eb9,5dbc9b8d-efca-436b-9791-ff8e1e14c5e2,Harry Panda Cub,TINY,5.0,3.0,13.0,Out of stock,2024-01-12 13:23:40
38befa07-ba89-4c0e-acf7-3fd755eb79c6,1c164a51-4b7d-4aa0-a5e3-797cdde41770,Bashful Lamb with Personalied Red Jumper,MEDIUM,12.0,5.0,38.0,In Stock,2024-01-12 13:23:42
e5ea62c7-ef8a-4c39-bf9a-55c7ed03ffc6,157666b2-68da-469b-a38c-516b02c460e0,Larry Lobster,MEDIUM,11.0,4.0,33.0,In Stock,2024-01-12 13:23:44
33aa67a9-b29c-44a1-a252-9fcae0efbfb6,157666b2-68da-469b-a38c-516b02c460e0,Larry Lobster,SMALL,8.0,3.0,25.0,Returning to stock 2-3 months,2024-01-12 13:23:44
08595a78-3490-456f-919b-09dbb066d493,498ddedc-638d-4c6e-9cfd-563c9a410d0c,My Friend Bunny Book and Bashful Beige Bunny,MEDIUM,,,43.0,In Stock,2024-01-12 13:23:46
35530b7f-0d6f-441e-b040-d89387a7f6e5,c13799a7-dbe0-4d45-9455-0c82792a41fd,Bashful Truffle Bunny,MEDIUM,12.0,5.0,28.0,In Stock,2024-01-12 13:23:48
5cf0d536-b7b3-494d-8641-ab7e4f7e1512,c13799a7-dbe0-4d45-9455-0c82792a41fd,Bashful Truffle Bunny,SMALL,7.0,4.0,18.0,In Stock,2024-01-12 13:23:48
ccce49b0-1213-492f-b265-ca90b8040b9a,b057adcf-1c68-41d4-a626-5997cc80ad4a,Colin Chameleon,ONE SIZE,11.0,4.0,29.0,In Stock,2024-01-12 13:23:50
dd893fb9-8b81-4c0c-a768-208fee93db4a,d0420f50-828b-42ab-a89e-feaffad274c6,Bashful Truffle Bunny with Personalised Cream Jumper,MEDIUM,12.0,5.0,38.0,In Stock,2024-01-12 13:23:51
e4e4ec12-596a-4e84-8a2c-429ba17ff7a1,37fd4e61-c9f2-46f0-a387-521a3cf2c438,Bashful Truffle Bunny with Personalised Navy Jumper,MEDIUM,12.0,5.0,38.0,In Stock,2024-01-12 13:23:54
60e2f420-319f-4b27-873e-4da98a910560,1708b2cc-77d2-41a1-80f8-8f09157077a3,Bashful Truffle Bunny with Personalised Red Jumper,MEDIUM,12.0,5.0,38.0,In Stock,2024-01-12 13:23:56
4c9f2d23-e761-4cdc-a4f1-19f16e5d805b,7bf53289-3685-4f58-9234-a96075952856,Bashful Fox Cub,HUGE,20.0,8.0,80.0,In Stock,2024-01-12 13:23:58
a7e50bff-93a7-42f4-bb6f-e5da1ab33b1a,7bf53289-3685-4f58-9234-a96075952856,Bashful Fox Cub,MEDIUM,12.0,5.0,28.0,More on the way,2024-01-12 13:23:58
e426c1be-8554-4f71-88ac-7b061847977a,7bf53289-3685-4f58-9234-a96075952856,Bashful Fox Cub,SMALL,7.0,4.0,16.5,Out of stock,2024-01-12 13:23:58
819eec07-3375-4f44-bbbe-c175fa2d668a,18554ecd-f1ba-4ba6-8487-a787f3ae5ce4,Bashful Toffee Puppy,VERY BIG,43.0,18.0,275.0,In Stock,2024-01-12 13:24:00
e13fa96a-8089-49e6-b49d-40e943789522,18554ecd-f1ba-4ba6-8487-a787f3ae5ce4,Bashful Toffee Puppy,REALLY BIG,26.0,12.0,125.0,In Stock,2024-01-12 13:24:00
21a55d3f-81c6-479a-a409-79c696520256,18554ecd-f1ba-4ba6-8487-a787f3ae5ce4,Bashful Toffee Puppy,MEDIUM,12.0,5.0,28.0,Returning to stock 2-3 months,2024-01-12 13:24:00
48fb5529-af7e-4f36-ab79-33fd67d5d2cd,18554ecd-f1ba-4ba6-8487-a787f3ae5ce4,Bashful Toffee Puppy,SMALL,7.0,4.0,18.0,Returning to stock 2-3 months,2024-01-12 13:24:00
607e99c3-123e-453e-83fc-0e3fdea0b838,53fd2b64-8675-4a49-b7a4-744aa3ef66f8,If I Were A Bunny Book,ONE SIZE,6.0,6.0,13.5,In Stock,2024-01-12 13:24:02
56c84b8f-29e1-4078-8e28-45ad4ca91da6,db5b6ed2-2cd1-423c-a40e-9b4cc78b2e9b,The Very Brave Lion Book,ONE SIZE,9.0,9.0,15.0,In Stock,2024-01-12 13:24:03
5d653cbd-ed43-4a96-a7e5-cf79f14dfd1b,cbb45be6-025d-4c00-be86-8b9559e8b454,Bashful Toffee Puppy with Personalised Navy Jumper,MEDIUM,12.0,5.0,38.0,In Stock,2024-01-12 13:24:05
02b28c05-42ec-440c-b425-c72bbb5eb53c,ecd4f620-4a0e-42e7-b4a6-5b5cfcc7f46f,Bashful Toffee Puppy with Personalised Red Jumper,MEDIUM,12.0,5.0,38.0,In Stock,2024-01-12 13:24:07
d8d95df3-80a7-43e6-ad15-474daa5e5bcb,5deb065b-e799-4828-8a48-f8753234a7e0,If I Were A Bunny Book and Bashful Bunny,SMALL,,,31.5,In Stock,2024-01-12 13:24:09
2ec1566a-3179-4b86-9deb-64c2d00a8a27,f6e91091-29f1-41bc-b8b5-16b6e5744d03,The Very Brave Lion Book and Fuddlewuddle Lion,MEDIUM,,,45.0,In Stock,2024-01-12 13:24:10
2057e1e9-5195-4e26-90d3-51a30337ea11,52d912e7-3611-4925-9371-27d7642425da,Bashful Twinkle Bunny,MEDIUM,12.0,5.0,28.0,More on the way,2024-01-12 13:24:12
cb421af4-8093-4b90-b854-befef7facf13,52d912e7-3611-4925-9371-27d7642425da,Bashful Twinkle Bunny,SMALL,7.0,4.0,18.0,In Stock,2024-01-12 13:24:12
0eba8f50-f016-47fe-a5df-8cd7840fb21c,a714d894-eafb-47e5-8d86-640d192a66a1,Blossom Tulip Bunny,HUGE,20.0,8.0,80.0,Out of stock,2024-01-12 13:24:15
d1a1695d-2c83-443a-b297-d6e9faeef502,a714d894-eafb-47e5-8d86-640d192a66a1,Blossom Tulip Bunny,LARGE,14.0,6.0,43.0,In Stock,2024-01-12 13:24:15
d532b97b-36c8-4cb6-8e0e-ad9c5931460c,a714d894-eafb-47e5-8d86-640d192a66a1,Blossom Tulip Bunny,MEDIUM,12.0,5.0,28.0,In Stock,2024-01-12 13:24:15
1ff8a63d-1fbf-477f-98d3-58a03fa13673,a714d894-eafb-47e5-8d86-640d192a66a1,Blossom Tulip Bunny,SMALL,7.0,4.0,18.0,In Stock,2024-01-12 13:24:15
9b3f6852-145b-4224-bace-4060568458de,a714d894-eafb-47e5-8d86-640d192a66a1,Blossom Tulip Bunny,TINY,5.0,,10.0,Out of stock,2024-01-12 13:24:15
4727300c-01d9-4f9b-ba60-733d16936db6,031b9887-0d9a-4486-aff7-effc7383a838,Blossom Tulip Bunny with Personalised Cream Jumper,MEDIUM,12.0,5.0,38.0,In Stock,2024-01-12 13:24:17
c63bd3af-9113-4cd4-8a92-ed6d7d561c8c,bbd3229b-360c-4c27-8679-542986b83d5f,Blossom Tulip Bunny with Personalised Navy Jumper,MEDIUM,12.0,5.0,38.0,In Stock,2024-01-12 13:24:19
db1225c9-dd46-434c-9b80-092bdd6d3412,6619492f-1bf7-4940-a2c2-0b795754c572,Blossom Tulip Bunny with Personalised Red Jumper,MEDIUM,12.0,5.0,38.0,In Stock,2024-01-12 13:24:21
bea2a244-ff67-4b83-99d7-53042b77f094,32f62506-651f-4b3b-ad06-d03dfee15fc4,Personalised Bashful Silver Bunny Huge,HUGE,20.0,8.0,86.0,In Stock,2024-01-12 13:24:23
00fa87b7-56de-475b-a0bd-f2193e004d0e,51846b7f-01c2-42fd-8fea-68ad849a3d4f,If I Were An Elephant Book,ONE SIZE,6.0,6.0,13.5,In Stock,2024-01-12 13:24:25
9f0f0275-f0f2-4add-80e8-a47d7a6def3c,06193992-b11f-443d-a0b8-72c9b3e600ea,The Magic Bunny Book,ONE SIZE,7.0,7.0,15.0,In Stock,2024-01-12 13:24:27
a3e9bd52-9033-4956-aa6c-a2520e414568,5aa0afda-790c-4b19-a582-2e7f2d70b327,When I am Big Book,ONE SIZE,8.0,8.0,15.0,In Stock,2024-01-12 13:24:28
58f888fd-9f75-4f1b-89e6-ca82abe89f95,0885bb67-4d32-4cad-840b-d3279a9ea40f,Bumbly Bear,HUGE,23.0,9.0,99.0,Out of stock,2024-01-12 13:24:30
5a6777dc-5005-4afe-a16b-ccd7e81e1ef1,0885bb67-4d32-4cad-840b-d3279a9ea40f,Bumbly Bear,LARGE,20.0,7.0,60.0,In Stock,2024-01-12 13:24:30
e388d6f9-1393-4072-9548-f0398e99a919,0885bb67-4d32-4cad-840b-d3279a9ea40f,Bumbly Bear,MEDIUM,15.0,6.0,43.0,In Stock,2024-01-12 13:24:30
d2b9fbbc-8c46-4133-9986-32967ebe2b90,0885bb67-4d32-4cad-840b-d3279a9ea40f,Bumbly Bear,SMALL,11.0,4.0,28.0,More on the way,2024-01-12 13:24:30
03a095d8-cc30-41cf-b532-c24abc081ea6,220888cd-61ab-4dd0-b53b-89da45f7c987,The Magic Bunny Book and Bashful Cottontail Bunny,MEDIUM,,,43.0,In Stock,2024-01-12 13:24:32
10a9f849-3247-4de1-b2c6-15b9f70fd47f,2ea36fb6-6f17-4489-8ded-d222c72cd9d1,Bashful Unicorn,MEDIUM,12.0,5.0,28.0,In Stock,2024-01-12 13:24:34
6d895523-d767-4177-96cd-d36752da7cb7,2ea36fb6-6f17-4489-8ded-d222c72cd9d1,Bashful Unicorn,SMALL,7.0,4.0,18.0,In Stock,2024-01-12 13:24:34
5c4393bb-7c36-4a92-8306-07e400dd0f4f,db0d2af2-5718-445a-93ef-166a134026ae,Fuddlewuddle Monkey,MEDIUM,9.0,5.0,30.0,In Stock,2024-01-12 13:24:36
ef8d0539-5954-4d67-b3c0-19e60b563e97,d3e47c7c-6564-44ba-a47e-755a2dab9e43,Bashful Beige Bunny Grabber,ONE SIZE,7.0,3.0,15.0,In Stock,2024-01-12 13:24:38
59981a6d-fe55-48cb-be97-a7aa674b57ea,12a6862f-731d-45f3-8e38-2b67dacf9b85,If I Were A Rabbit Book,ONE SIZE,6.0,6.0,13.5,In Stock,2024-01-12 13:24:40
f8671acf-5c3f-4c5d-a896-751e4632cfab,ed6f1376-1ddd-43ff-aef4-af55f6e66364,If I Were A Rabbit Book and Bashful Tulip Bunny,SMALL,,,31.5,In Stock,2024-01-12 13:24:43
1c8b195e-e55a-4a10-9c92-32d31a7793d9,5ee827f8-e7f4-44f7-bbc8-4a196d221526,Fuddlewuddle Lion,HUGE,17.0,9.0,69.0,Out of stock,2024-01-12 13:24:45
f30f1eb9-efc6-4259-b68d-73768685ea85,5ee827f8-e7f4-44f7-bbc8-4a196d221526,Fuddlewuddle Lion,LARGE,12.0,6.0,50.0,More on the way,2024-01-12 13:24:45
320448f2-6833-4027-aa6c-57337bb762af,5ee827f8-e7f4-44f7-bbc8-4a196d221526,Fuddlewuddle Lion,MEDIUM,9.0,5.0,30.0,In Stock,2024-01-12 13:24:45
bdb005de-c1a6-48f0-a28a-1717820361dc,5bb409c2-fa2b-4ee4-8ee2-d663fcc3b07f,Bartholomew Bear,REALLY BIG,22.0,13.0,140.0,In Stock,2024-01-12 13:24:48
d5195ab3-d145-4f16-a9ed-3ea53ec53b72,5bb409c2-fa2b-4ee4-8ee2-d663fcc3b07f,Bartholomew Bear,HUGE,19.0,7.0,55.0,In Stock,2024-01-12 13:24:48
4b42eaa2-0137-4005-ae65-16ef46e9a391,5bb409c2-fa2b-4ee4-8ee2-d663fcc3b07f,Bartholomew Bear,LARGE,14.0,7.0,40.0,In Stock,2024-01-12 13:24:48
a8ef7bea-8b55-48d6-8979-5df3415a1a6e,5bb409c2-fa2b-4ee4-8ee2-d663fcc3b07f,Bartholomew Bear,MEDIUM,11.0,5.0,28.0,More on the way,2024-01-12 13:24:48
5b591525-35a2-4016-b526-d4f7af298c6a,5bb409c2-fa2b-4ee4-8ee2-d663fcc3b07f,Bartholomew Bear,TINY,6.0,3.0,18.5,In Stock,2024-01-12 13:24:48
0885021d-9a06-4246-8e05-aecf09ad4319,40bda1f4-d8e3-43b7-a228-8376380be3c9,Bashful Silver Bunny,VERY BIG,43.0,18.0,275.0,In Stock,2024-01-12 13:24:51
36b11944-0b45-44c8-b952-1ae9b1688cb3,40bda1f4-d8e3-43b7-a228-8376380be3c9,Bashful Silver Bunny,REALLY BIG,26.0,11.0,125.0,In Stock,2024-01-12 13:24:51
37ba0f5e-829a-4b4b-80fc-4fc3862d9a15,40bda1f4-d8e3-43b7-a228-8376380be3c9,Bashful Silver Bunny,HUGE,20.0,8.0,80.0,In Stock,2024-01-12 13:24:51
62651a6d-bd59-4718-bc31-6b5f70dd80e6,40bda1f4-d8e3-43b7-a228-8376380be3c9,Bashful Silver Bunny,LARGE,14.0,6.0,43.0,Out of stock,2024-01-12 13:24:51
489657bd-19dd-49be-bf0e-304faf3cd169,40bda1f4-d8e3-43b7-a228-8376380be3c9,Bashful Silver Bunny,MEDIUM,12.0,5.0,28.0,In Stock,2024-01-12 13:24:51
9a1dbfd0-01ab-4834-8526-5e57d92e43c7,40bda1f4-d8e3-43b7-a228-8376380be3c9,Bashful Silver Bunny,SMALL,7.0,4.0,18.0,In Stock,2024-01-12 13:24:51
431395ea-d224-4a34-8214-e6e503fad323,3a6c883a-366b-4c3d-888d-4cf752c5e10a,Bashful Silver Bunny with Personalised Cream Jumper,MEDIUM,12.0,5.0,38.0,In Stock,2024-01-12 13:24:52
92fb001e-4d8c-4e76-9a0a-d4ce217dee65,e5c4dfa6-9aa4-48f7-8e30-6c71a0679a73,Bashful Silver Bunny with Personalised Navy Jumper,MEDIUM,12.0,5.0,38.0,In Stock,2024-01-12 13:24:55
968f2e32-9c60-4b76-900f-65ccfcf0bf4d,4d48c353-8839-42c9-9d4c-f6c44407cfeb,Bashful Silver Bunny with Personalised Red Jumper,MEDIUM,12.0,5.0,38.0,In Stock,2024-01-12 13:24:57
2e8cd736-e006-4ed2-8558-63e39fedf3e4,5b86cd9a-7f5d-4112-9118-a035d993579d,Personalised Bashful Silver Bunny Medium,MEDIUM,12.0,5.0,34.0,In Stock,2024-01-12 13:24:59
3bdae5f0-6e32-4202-a442-1d7295de84b2,0c0fc936-3313-435a-8fb2-7d3bbb4718d7,Bashful Cottontail Bunny,VERY BIG,43.0,18.0,275.0,In Stock,2024-01-12 13:25:01
434396ab-650d-419b-ad4e-b94b32e29bd9,0c0fc936-3313-435a-8fb2-7d3bbb4718d7,Bashful Cottontail Bunny,REALLY BIG,26.0,12.0,125.0,In Stock,2024-01-12 13:25:01
3710d6b1-adc2-4667-8b41-1dd6ec61d677,0c0fc936-3313-435a-8fb2-7d3bbb4718d7,Bashful Cottontail Bunny,MEDIUM,12.0,5.0,28.0,In Stock,2024-01-12 13:25:01
c25684a5-33e3-4b0e-8d5a-fe6c04a6b56f,0c0fc936-3313-435a-8fb2-7d3bbb4718d7,Bashful Cottontail Bunny,SMALL,7.0,4.0,17.5,Out of stock,2024-01-12 13:25:01
d8ccb1fe-2053-4fbd-b268-471d655eeefb,071d8b33-4e66-4fbf-b64a-7a2faf2814db,Blossom Cream Bunny,LARGE,14.0,6.0,43.0,Out of stock,2024-01-12 13:25:03
de18f989-bdcd-4723-aa65-f8a95f49f4eb,071d8b33-4e66-4fbf-b64a-7a2faf2814db,Blossom Cream Bunny,MEDIUM,12.0,5.0,28.0,Returning to stock next week,2024-01-12 13:25:03
a5cae72b-258d-4129-a76a-3c8ae4b3640d,071d8b33-4e66-4fbf-b64a-7a2faf2814db,Blossom Cream Bunny,SMALL,7.0,4.0,18.0,In Stock,2024-01-12 13:25:03
63e87722-c89d-4c02-8e3c-d06eb8efc7bf,da108dc4-5006-409f-9928-a69d7635901a,Bashful Cottontail Bunny with Personalised Cream Jumper,MEDIUM,12.0,5.0,38.0,In Stock,2024-01-12 13:25:05
a020d926-3708-48a8-8087-2baf76ba1c3f,32dabfb4-4e64-4dfe-9fbc-4fea828d2668,Bashful Cottontail Bunny with Personalised Navy Jumper,MEDIUM,12.0,5.0,38.0,In Stock,2024-01-12 13:25:08
e07eeaed-fdd1-49ec-a5c0-84275b93bffa,e81a2090-ef53-4d55-9280-a16d087b60fa,Bashful Cottontail Bunny with Personalised Red Jumper,MEDIUM,12.0,5.0,38.0,In Stock,2024-01-12 13:25:09
2d172553-c54f-42a4-8ada-809bffcfd97c,46d7b81b-613e-4632-896a-a73bcccddf19,Personalised Bashful Cottontail Bunny Medium,MEDIUM,12.0,5.0,34.0,In Stock,2024-01-12 13:25:11
7e93d93c-8637-417a-a6c1-9d071ac37aef,66a9ec60-d3e5-4e49-86d2-feeedd54d66d,Bashful Monkey Soother,ONE SIZE,13.0,13.0,25.0,In Stock,2024-01-12 13:25:13
75f1d010-065d-4abb-a02d-77d2a8347dda,cfbc6acb-8a84-4ac4-a4df-1b5bc63342ef,Bashful Black & Cream Puppy,VERY BIG,43.0,18.0,275.0,In Stock,2024-01-12 13:25:15
8ff6baf2-430d-4469-a950-ab70ab085c07,cfbc6acb-8a84-4ac4-a4df-1b5bc63342ef,Bashful Black & Cream Puppy,MEDIUM,12.0,5.0,28.0,In Stock,2024-01-12 13:25:15
16772966-d632-47ec-a515-0b5466a9b994,cfbc6acb-8a84-4ac4-a4df-1b5bc63342ef,Bashful Black & Cream Puppy,SMALL,7.0,4.0,18.0,In Stock,2024-01-12 13:25:15
36ab8805-766b-496e-a4af-2717f850a5a6,f943dfca-702b-48f2-b578-785db95d964d,Bashful Blue Bunny,HUGE,20.0,8.0,67.5,Out of stock,2024-01-12 13:25:17
2b283bf0-d14a-49d3-a69b-77cc51e0e397,f943dfca-702b-48f2-b578-785db95d964d,Bashful Blue Bunny,MEDIUM,12.0,5.0,28.0,In Stock,2024-01-12 13:25:17
a5d38629-c23a-40c7-a370-ea05ceaf786e,f943dfca-702b-48f2-b578-785db95d964d,Bashful Blue Bunny,TINY,5.0,2.0,10.0,Out of stock,2024-01-12 13:25:17
d4d060fc-1fe3-44d3-990d-3d2e4fa3e082,f46bc94e-e9f7-47d0-9b7b-dc3d7f04f773,Bashful Pink Bunny,HUGE,20.0,8.0,67.5,Out of stock,2024-01-12 13:25:20
bdbcbc76-458c-485e-a341-0d3bb1fce711,f46bc94e-e9f7-47d0-9b7b-dc3d7f04f773,Bashful Pink Bunny,LARGE,14.0,6.0,43.0,Out of stock,2024-01-12 13:25:20
2e366009-dc3b-4dbb-a652-a388367df5be,f46bc94e-e9f7-47d0-9b7b-dc3d7f04f773,Bashful Pink Bunny,MEDIUM,12.0,5.0,28.0,In Stock,2024-01-12 13:25:20
1c85b262-ffa6-4c15-b158-f4863726a0dd,f46bc94e-e9f7-47d0-9b7b-dc3d7f04f773,Bashful Pink Bunny,TINY,5.0,2.0,10.0,Out of stock,2024-01-12 13:25:20
d70a824e-8dd0-464e-a59b-73e6374a9601,de503186-8867-4f9c-b11d-c2a4662b6f4b,Fuddlewuddle Puppy,MEDIUM,9.0,5.0,30.0,In Stock,2024-01-12 13:25:22
c021638a-e8fa-446e-8899-2b9405615a63,5ca7df37-cd48-4aa9-a6ad-004f67ab7c59,Bashful Black & Cream Puppy with Personalised Cream Jumper,MEDIUM,12.0,5.0,38.0,In Stock,2024-01-12 13:25:24
17a0e880-247a-43d7-bf92-77d7776fe3e5,cc5ff564-5c8e-4d5e-86c6-a3d0d2c8b24f,Bashful Blue Bunny with Personalised Cream Jumper,MEDIUM,12.0,5.0,38.0,In Stock,2024-01-12 13:25:26
79c2d5e9-6d13-46e6-959d-e0beeba42a39,d967d93a-706f-4b14-a47a-40dfc7dc0a30,Bashful Pink Bunny with Personalised Cream Jumper,MEDIUM,12.0,5.0,38.0,In Stock,2024-01-12 13:25:28
667bae8f-5c4a-4557-ae7b-b75aeddfc55f,41bcf0d0-fd41-4952-b45a-88ece693257a,Bashful Black & Cream Puppy with Personalised Navy Jumper,MEDIUM,12.0,5.0,38.0,In Stock,2024-01-12 13:25:30
8ae6323f-0bca-46c3-aaf0-12b6154b7971,98860ca2-b4fe-4fd5-859d-c599b58cf25d,Bashful Blue Bunny with Personalised Navy Jumper,MEDIUM,12.0,5.0,38.0,In Stock,2024-01-12 13:25:32
1f71b008-591e-4765-b7f9-89f20db57e62,5bb35c08-0e43-42d3-862e-4bbc0fbdc05d,Bashful Pink Bunny with Personalised Navy Jumper,MEDIUM,12.0,5.0,38.0,In Stock,2024-01-12 13:25:34
b8c73318-61c5-4edd-af5b-54959b68d072,73ee909d-1045-48bc-9814-8ab701f270e7,Bashful Black & Cream Puppy with Personalised Red Jumper,MEDIUM,12.0,5.0,38.0,In Stock,2024-01-12 13:25:36
c143b9ed-96e9-4164-bd30-24abbacbbaeb,a92a8b47-cf66-40ce-bad2-317b50c98859,Bashful Blue Bunny with Personalised Red Jumper,MEDIUM,12.0,5.0,38.0,In Stock,2024-01-12 13:25:38
efc41593-407d-48e5-b5e5-19d7e0564e8e,5f070b89-eeb0-4aab-921a-d5a807009cc5,Bashful Pink Bunny with Personalised Red Jumper,MEDIUM,12.0,5.0,38.0,In Stock,2024-01-12 13:25:40
d545f9ed-d810-412d-ae5d-4fa42697d28f,769dc75d-8461-4858-8862-2a7b5fe56f23,Personalised Bashful Blue Bunny Medium,MEDIUM,12.0,5.0,34.0,In Stock,2024-01-12 13:25:42
1b2ef5ad-cce8-4cd1-9af2-f512b36f6667,c2a30168-c859-46a8-a018-2bec4bada35e,Bashful Pink Bunny Rattle,SMALL,7.0,4.0,15.0,In Stock,2024-01-12 13:25:44
87fa6e88-bc48-4615-ad4c-ce89f9d9f202,247ff45a-ae83-462c-8845-8b6ea5a850e3,Bashful Pink Bunny Soother,ONE SIZE,13.0,13.0,25.0,In Stock,2024-01-12 13:25:45
bdb14d81-3d97-42f9-a0a6-467ce5a24b7b,e533e86f-8149-4a7b-bb5c-9a4e7dee27b5,Personalised Bashful Cream Bunny Huge,HUGE,20.0,8.0,86.0,In Stock,2024-01-12 13:25:47
f243f0db-00ca-4785-a52a-ecc0d10c615b,0113c520-7239-4148-91df-1b3cfbcd5093,Edward Bear,MEDIUM,13.0,6.0,30.0,In Stock,2024-01-12 13:25:49
a3638635-1731-4597-9bc3-fe3edeeab6c8,0113c520-7239-4148-91df-1b3cfbcd5093,Edward Bear,SMALL,10.0,5.0,23.0,Out of stock,2024-01-12 13:25:49
87ecac3b-459f-4184-ba30-f94e8d67c7de,398c3e0f-5119-4738-ae8b-4399c10a8b4d,Personalised Bashful Beige Bunny Huge,HUGE,20.0,8.0,86.0,In Stock,2024-01-12 13:25:52
d8322749-dd5a-4013-94b3-ed738793a1b4,165747eb-15bb-48d2-93bc-73ec73fa843f,Bashful Beige Bunny,VERY BIG,43.0,18.0,275.0,In Stock,2024-01-12 13:25:54
620bc254-1965-44a4-a7ef-34c371f9c203,165747eb-15bb-48d2-93bc-73ec73fa843f,Bashful Beige Bunny,REALLY BIG,26.0,12.0,125.0,In Stock,2024-01-12 13:25:54
88d94d09-f64b-415e-adaf-c9e9272f8d77,165747eb-15bb-48d2-93bc-73ec73fa843f,Bashful Beige Bunny,HUGE,20.0,8.0,80.0,In Stock,2024-01-12 13:25:54
cd631c7d-dbc7-419b-b357-2cac39f9abef,165747eb-15bb-48d2-93bc-73ec73fa843f,Bashful Beige Bunny,LARGE,14.0,6.0,43.0,In Stock,2024-01-12 13:25:54
7815a734-fb67-4455-8068-a5a87c56523a,165747eb-15bb-48d2-93bc-73ec73fa843f,Bashful Beige Bunny,MEDIUM,12.0,5.0,28.0,In Stock,2024-01-12 13:25:54
137316b9-9465-43c6-9b74-7fabf97135a8,165747eb-15bb-48d2-93bc-73ec73fa843f,Bashful Beige Bunny,SMALL,7.0,4.0,18.0,In Stock,2024-01-12 13:25:54
c1be592b-8a1e-4572-ac52-bec395ee8a3b,165747eb-15bb-48d2-93bc-73ec73fa843f,Bashful Beige Bunny,TINY,5.0,2.0,14.0,In Stock,2024-01-12 13:25:54
168937cc-22ed-40d7-bc4f-b3bcc9aa1ab8,4782c190-1b9b-4787-bccd-422d8f6aeed1,Bashful Beige Bunny with Personalised Cream Jumper,MEDIUM,12.0,5.0,38.0,In Stock,2024-01-12 13:25:56
c3f904e7-7bf0-4bb8-881c-c70efe455471,355c3ec2-bc1e-4f6e-b556-2711505d4875,Bashful Beige Bunny with Personalised Navy Jumper,MEDIUM,12.0,5.0,38.0,In Stock,2024-01-12 13:25:58
060520b7-d449-4154-8ff4-8d511a2f1585,c88bfef0-8489-4e57-9248-ef89a6fafcd3,Bashful Beige Bunny with Personalised Red Jumper,MEDIUM,12.0,5.0,38.0,In Stock,2024-01-12 13:26:00
125a30d1-4b74-404f-8005-06afb22df7c6,06cefb5d-1665-4327-82be-52e618669a6d,Personalised Bashful Beige Bunny Medium,MEDIUM,12.0,5.0,34.0,In Stock,2024-01-12 13:26:02
d165b12d-06c4-4a6f-b14c-6f44f4339b20,a7d4c1fc-085b-4f24-8b74-c36a43c35572,Bashful Cream Bunny,VERY BIG,43.0,18.0,275.0,Returning to stock 2-3 months,2024-01-12 13:26:05
196c5c06-e763-4c02-aa7f-d2f569da5441,a7d4c1fc-085b-4f24-8b74-c36a43c35572,Bashful Cream Bunny,REALLY BIG,26.0,11.0,125.0,In Stock,2024-01-12 13:26:05
ad0c351b-0ed6-4998-b21f-8d072b95316a,a7d4c1fc-085b-4f24-8b74-c36a43c35572,Bashful Cream Bunny,HUGE,20.0,8.0,80.0,In Stock,2024-01-12 13:26:05
bc2ee9a0-e238-4c8b-8be7-6c6fe016a47b,a7d4c1fc-085b-4f24-8b74-c36a43c35572,Bashful Cream Bunny,LARGE,14.0,6.0,43.0,In Stock,2024-01-12 13:26:05
f2eb17c6-7c64-4c34-861d-9a5257889597,a7d4c1fc-085b-4f24-8b74-c36a43c35572,Bashful Cream Bunny,MEDIUM,12.0,5.0,28.0,Returning to stock 2-3 months,2024-01-12 13:26:05
7f3001c4-b2e6-490f-af2d-c40779ab1075,a7d4c1fc-085b-4f24-8b74-c36a43c35572,Bashful Cream Bunny,SMALL,7.0,4.0,18.0,In Stock,2024-01-12 13:26:05
90796067-b9d6-4c36-bbf2-6cb24cf57bd7,a7d4c1fc-085b-4f24-8b74-c36a43c35572,Bashful Cream Bunny,TINY,5.0,2.0,14.0,Out of stock,2024-01-12 13:26:05
19083ee9-6d90-4b89-888a-8a758e5cadcf,ced69067-5863-4efa-a8da-1e34bf17e08e,Personalised Rose Dragon Huge,HUGE,7.0,26.0,126.0,In Stock,2024-01-12 13:26:07
ff8ed26a-b1f1-48f5-9bff-1ff44864225a,72be98b9-0f73-4abf-ac1a-6f6d920b877a,Personalised Bashful Pink Bunny Soother,ONE SIZE,13.0,13.0,31.0,In Stock,2024-01-12 13:26:09
cb467300-4815-4666-9647-d3f9bb0b3c4d,c4c9e9f6-d3df-4e46-ba66-98ba9bf26a63,Rory Le Courageux Petit Lion & Fuddlewuddle Lion,MEDIUM,,,45.0,In Stock,2024-01-12 13:26:10
fe93d2cc-ca3e-4ea1-9bc6-8501335fe70d,845d2d1a-d79c-4c50-92eb-edd706c82a24,Little Me Book and Bashful Beige Bunny,MEDIUM,,,43.0,In Stock,2024-01-12 13:26:12
be28e17a-2938-4e15-87c8-ecfde2751f32,2fb9314a-635e-44f4-a604-5cf79b519e40,Lapin Timide Et Ses Petites Aventures & Bashful Beige Bunny,MEDIUM,,,43.0,In Stock,2024-01-12 13:26:14
4a40f565-e1a6-4f59-af87-8b21e3f2bbba,9d6026c9-293a-4092-bbab-d1b0552e67c1,Lottie Fairy Bunny Book and Lottie Bunny Fairy,ONE SIZE,,,47.5,In Stock,2024-01-12 13:26:15
f4584bed-86fa-4291-b8a8-2c7ad848fe78,be49e3da-1bf1-49ff-9cec-537918e28aaf,Lapin Timide Veille Sur Tes Nuits & Bashful Cottontail Bunny,MEDIUM,,,43.0,In Stock,2024-01-12 13:26:17
4bd423ff-3acb-4783-803a-c62a49cf1677,fc76ac6a-f6e0-44b6-b458-c7bfbb099991,Merry Mouse Book and Merry Mouse,ONE SIZE,,,42.5,In Stock,2024-01-12 13:26:18
1c5514cc-781d-4864-8af0-8f5a3f6b0095,7dd9c92c-f46d-4bec-81d2-9aec9d70697b,Who Can I Find Book and Little Bunny,ONE SIZE,,,32.5,In Stock,2024-01-12 13:26:20
1c0e88fb-1bcd-4794-9b2f-b3515b161ebb,83eb1c2f-4ea8-4896-b65a-e8ba9cd830ff,Lapin Timide Veut Grandir & Bashful Cream Bunny,MEDIUM,,,43.0,In Stock,2024-01-12 13:26:21
0de261d8-e521-4b99-89c0-fb04ab1c795d,c00d2bc0-2779-4f07-8afd-6304e6450732,Ooky Bat,ONE SIZE,6.0,2.0,20.0,More on the way,2024-01-12 13:26:23
0155f835-91f7-4397-bd53-fb96934bbb43,a29269dd-1cd2-400c-861d-d1e2d4edd488,Archie Dinosaur,ONE SIZE,9.0,6.0,35.0,More on the way,2024-01-12 13:26:25
7f63ea38-81ef-49e9-9744-910611fc323d,e357f321-cddd-4558-8e8e-9a71943e281d,Bashful Grey Kitty,MEDIUM,12.0,5.0,28.0,More on the way,2024-01-12 13:26:26
3c044421-425e-4941-9f89-a8c4f9166a28,0a38d501-2e6c-4855-8069-c1295c617e61,If I Were a Bunny Board Book,ONE SIZE,6.0,6.0,13.5,Returning to stock 2-3 months,2024-01-12 13:26:28
38ee28e7-5651-4de1-9105-f00bbaa46ecc,e6150197-0580-407d-980d-0dee6e4c9dba,Blossom Beige Bunny Bag Charm,ONE SIZE,7.0,2.0,23.0,More on the way,2024-01-12 13:26:30
8b3a4896-b166-4d76-80fa-1aabb7801a3a,4d5fc193-ca4d-4db3-9e61-f53b526c8bcb,Blossom Blush Bunny Bag Charm,ONE SIZE,7.0,2.0,23.0,More on the way,2024-01-12 13:26:31
8e99e111-43b2-45d8-bb6b-66f72f21fb6c,b363a5ce-92cf-4338-b4db-bb8b75909858,Blossom Jasmine Bunny Bag Charm,ONE SIZE,7.0,2.0,23.0,More on the way,2024-01-12 13:26:33
53761be0-a2ad-4682-8c54-74b53fc29e1d,8dc9bc1f-a7e2-4633-a768-54fe091fad19,Backpack Panda,ONE SIZE,9.0,4.0,30.0,More on the way,2024-01-12 13:26:34
32273ce1-9497-4696-9cd7-fb25433f1e95,3140498f-22d8-4e99-beef-ed95962eefc4,Caboodle Puppy,ONE SIZE,4.0,4.0,20.0,More on the way,2024-01-12 13:26:36
ce5e4dbc-3dfd-4255-8362-29bf9193978b,cc5c0dd5-e712-4007-8d9d-91ca57bda512,Carissa Persian Cat,ONE SIZE,10.0,10.0,45.0,Returning to stock 2-3 months,2024-01-12 13:26:38
d55d6876-58d7-4104-9e9a-be617ad10210,fd157be1-ebc0-4275-9278-6d4b9e467b2d,Clyde Capybara,ONE SIZE,8.0,9.0,43.0,Out of stock,2024-01-12 13:26:39
f9ba7c33-30fa-416d-bd97-7ea5dc807c64,2727f6c9-db3f-4d04-b5ba-70711a52b53c,Dara Giraffe,ONE SIZE,22.0,7.0,75.0,More on the way,2024-01-12 13:26:41
519db52d-a067-4a37-a121-6ac8f5e13edb,54e508e7-adae-4767-8b4a-029e400bc442,Dario Donkey,ONE SIZE,14.0,7.0,60.0,More on the way,2024-01-12 13:26:42
eb34baef-f203-4511-b2d7-0f8ca168d7bb,2626e7d6-a61f-434d-bae1-69a6020bfda7,Fuddlewuddle Ginger Cat,MEDIUM,9.0,5.0,30.0,More on the way,2024-01-12 13:26:44
62db3843-0c53-4773-8bf5-cf76c13a0697,c25c4588-b0e7-40c2-b364-de7843d2c630,Gordy Guinea Pig,ONE SIZE,8.0,6.0,30.0,More on the way,2024-01-12 13:26:45
307828ab-9266-4ec0-ace9-0101721cbb62,437fc45a-d30b-48f2-9048-ca133e145ba1,Huddles Kangaroo,ONE SIZE,10.0,6.0,45.0,Returning to stock 2-3 months,2024-01-12 13:26:47
035d46de-48f1-4e04-93f8-41632fff91f0,f4cfc638-c4a2-4010-a6a2-1d69551b9c9e,Iris Siamese Cat,ONE SIZE,11.0,5.0,33.0,More on the way,2024-01-12 13:26:49
b2199bda-ddc9-46ea-b053-faca573f3b36,4ee70831-859c-495d-86f1-f6af74c4ec13,Little Goat,ONE SIZE,7.0,4.0,22.0,More on the way,2024-01-12 13:26:51
f06339f6-f3cd-41ae-ab0e-f16a343d2d3c,29c41aff-ed33-4cb1-9dfc-cbe144c4d35b,Little Pig Bag,ONE SIZE,7.0,7.0,40.0,More on the way,2024-01-12 13:26:52
ce9bf93c-7a8b-44f6-9254-14abfa5a4449,8d55c5de-9bb4-4fd9-9c75-273c9a62425f,Little Pup Bag Charm,ONE SIZE,7.0,2.0,25.0,More on the way,2024-01-12 13:26:54
cb6ccb0f-891c-4334-a216-1bbe5b344d29,34694289-2470-49fb-919e-663b3d271165,Randall Basset Hound,ONE SIZE,9.0,13.0,35.0,More on the way,2024-01-12 13:26:55
f6d2f6a8-83df-4777-b3c5-a53ddef238c9,c2a011b0-72e6-4ca2-8be3-41e701367674,Richie Dromedary,ONE SIZE,11.0,17.0,60.0,More on the way,2024-01-12 13:26:57
6980d878-99b6-4bcb-842c-d3b745c4389d,73fea45f-5bb5-4149-a6df-ec08d9fb8740,Tilly Golden Retriever,ONE SIZE,11.0,6.0,35.0,More on the way,2024-01-12 13:26:59
9054a7a1-b309-4633-b56f-ceee4ef6194e,17782a54-d627-4417-87db-38a5051aa46c,Wanderlust Elly,ONE SIZE,7.0,14.0,100.0,More on the way,2024-01-12 13:27:00
672c4829-f717-4888-b863-6532c1f9bdd5,1777ecff-ebee-4b21-aa6e-2bea5b972aa5,Yummy Puppy,ONE SIZE,6.0,3.0,20.0,Returning to stock 2-3 months,2024-01-12 13:27:02
88646126-d4b0-4083-b3f4-5e6a0441baa5,823d8053-1c1c-4add-9884-8e87ce485838,Honeyhome Bee,ONE SIZE,7.0,7.0,35.0,More on the way,2024-01-12 13:27:04
3bec4599-5af5-4c41-86bf-1b27416bb786,ff3c5d97-22ac-4068-8572-6f1cf51bf805,Messenger Bunny,ONE SIZE,7.0,5.0,32.5,Out of stock,2024-01-12 13:27:05
39f2415e-abe8-4379-831c-e350692f14ed,a5e1df00-332f-4a90-9a82-e451967395b5,Alexis Anglerfish,ONE SIZE,6.0,8.0,35.0,Out of stock,2024-01-12 13:27:07
00f7aecc-bc88-410d-b4db-e48588431a66,792b2eee-bae5-4611-ab2b-45ae8a719840,Bartholomew Bear Bag,ONE SIZE,6.0,7.0,38.0,Returning to stock next week,2024-01-12 13:27:09
568a35f3-92dc-4536-ac10-ccc41c019aef,964f27b6-91c3-40fd-adfe-e15c75cbf78b,Bashful Bunny Cream Bag Charm,ONE SIZE,7.0,2.0,19.0,Out of stock,2024-01-12 13:27:10
3e85276f-fe0d-40c0-bd1a-4f0ca7ee4642,fe9e069b-7da1-42b3-8634-dfc77e908e22,Bashful Bunny Truffle Bag Charm,ONE SIZE,7.0,2.0,19.0,More on the way,2024-01-12 13:27:12
2031fd17-1a62-4b1e-9da2-41461a1c0152,4f189bc6-4231-451b-bf05-644d028e60b7,Bashful Bunny Inky Bag Charm,ONE SIZE,7.0,2.0,19.0,More on the way,2024-01-12 13:27:13
770dc5e6-9622-45e2-9837-6d95a1522293,50a0e8a5-8726-4ca4-ba3f-1d86a081c2d2,Kitten Tails Activity Book,ONE SIZE,9.0,5.0,18.5,More on the way,2024-01-12 13:27:15
583b0c9b-d025-4b32-ae26-c684030d0e36,12055e56-b411-4c4d-8cbd-87e962f75670,When I Am Sleepy Book,ONE SIZE,8.0,8.0,15.0,Returning to stock next week,2024-01-12 13:27:17
9ee0a072-c096-4258-844c-6ad0f848ac9e,4e3a7d9d-de70-4750-847c-429094946947,Backpack Puppy,ONE SIZE,9.0,4.0,30.0,More on the way,2024-01-12 13:27:19
ae50cacc-8b55-4bc9-8350-40546a799770,b2f700f1-22a8-4c42-ba91-f51db88dd5dc,Caractacus Chameleon,ONE SIZE,15.0,7.0,65.0,More on the way,2024-01-12 13:27:20
4b8d9e35-ece0-4e53-8c08-38103b6b169c,8ea009e0-a19d-4566-8194-cc9c2b3726ad,Cauldron Cuties,ONE SIZE,6.0,5.0,35.0,More on the way,2024-01-12 13:27:22
68f4cccc-f111-458e-90c8-6b2dee448419,b06cb7c8-62f9-49ba-b02b-ca7fccecc97f,Coquette Cutie Cat,ONE SIZE,10.0,2.0,32.5,More on the way,2024-01-12 13:27:24
b5fe0122-f2af-4aa9-8c1f-eb6a1490b69f,40a25000-e3bb-4ac7-b8f7-7f4b8dd2b582,Daphne Pomeranian,ONE SIZE,9.0,8.0,33.0,More on the way,2024-01-12 13:27:26
622120ce-75b9-4e7c-b6c5-afd4fb287d0d,e11235c4-c3ca-4aee-9c61-b7ed96377324,Floofie St Bernard,ONE SIZE,7.0,16.0,80.0,More on the way,2024-01-12 13:27:27
341cc09c-acb1-47aa-a458-538592b2ac2f,ec3f4703-f8b5-4ed7-985e-fe6c4d8cdcec,Freya Pony,ONE SIZE,13.0,13.0,65.0,More on the way,2024-01-12 13:27:29
3fd30887-9e7e-475b-ae0b-37f0571d9062,e0597617-99f4-4d5a-8b30-d21b258ca1b6,Georgiana Poodle,ONE SIZE,9.0,5.0,33.0,More on the way,2024-01-12 13:27:30
20bfb72f-87e7-43f4-963f-876061e0f8f3,8334419b-2ff1-4604-ab7c-248607552424,Jackson Husky,ONE SIZE,10.0,6.0,35.0,More on the way,2024-01-12 13:27:32
1294df9e-53d4-4f76-9c4b-3993b45973d5,f98e6f58-f089-46cf-b96f-67e62679dad8,Kitten Caboodle Grey,ONE SIZE,4.0,4.0,20.0,Returning to stock 3-4 weeks,2024-01-12 13:27:34
c30505ff-e842-410b-97c8-185891f0adcc,d7a7a236-a0a9-4981-80e8-09e04f82d800,Little Snake,ONE SIZE,6.0,8.0,22.0,Returning to stock 2-3 months,2024-01-12 13:27:35
dc642450-e6c9-45fa-87b0-46e459c5ebd0,6de1d7d5-7406-406f-bbd4-4dd02dafc1d7,Munro Scottie Dog Bag Charm,ONE SIZE,4.0,2.0,23.0,Returning to stock 2-3 months,2024-01-12 13:27:37
ff36e9f5-93d4-4836-99af-02a10265f7bf,db5bb04e-3f36-4003-8d32-f2fb1ec0f8f4,Munro Scottie Dog Bag,ONE SIZE,9.0,5.0,40.0,Out of stock,2024-01-12 13:27:38
12197d08-d89f-450f-ae76-1fdc5b4233d0,0b8301a6-3e60-4ecc-a6b6-a19b8a863ccf,Myrtle Hippopotamus,ONE SIZE,15.0,6.0,45.0,More on the way,2024-01-12 13:27:40
81e4b7d4-254e-499b-b837-e5685619006a,0ded182a-c214-4db0-8ae7-d6876cc8db90,Nessie Nessa,ONE SIZE,9.0,14.0,30.0,Out of stock,2024-01-12 13:27:42
30e10e62-09b0-46bf-8a7c-94d8af1897df,1d287ebe-0141-4210-9559-6f5de29aab48,Otto Sausage Dog Bag,ONE SIZE,6.0,9.0,40.0,Returning to stock 3-4 weeks,2024-01-12 13:27:44
b94c69e8-043b-469a-892e-2fbd15b880af,55120c61-1c8e-4cce-b848-5d5f9ac084eb,Ricky Rain Frog Bag Charm,ONE SIZE,3.0,3.0,23.0,Returning to stock next week,2024-01-12 13:27:45
2b88c1ff-c90e-44fa-8f69-cbfcc9881f8b,67c7a40d-1f1e-4670-b299-1f5127f1d03b,Sweater French Bulldog Purple,ONE SIZE,7.0,7.0,32.5,More on the way,2024-01-12 13:27:47
e4e3f620-f022-404f-ae61-425160ff6f95,f1fd3ca8-f143-41f5-9462-7e4aa89bcac5,Timmy Turtle,ONE SIZE,11.0,8.0,40.0,More on the way,2024-01-12 13:27:48
ec93faf1-f1c0-4f40-be1e-114c237b4432,70b39073-5fc8-4d83-8c5d-8aa538cc4faf,Yummy Bear,ONE SIZE,6.0,3.0,20.0,Returning to stock 2-3 months,2024-01-12 13:27:50
7d5b7b4b-5352-4c6f-aa24-69051a710e4d,21fdc81b-c133-4be3-9dbf-28e19dc1e09d,Birdling Seagull,ONE SIZE,4.0,3.0,17.0,More on the way,2024-01-12 13:27:51
d1bcb3ce-bc4a-4354-a0f4-d3649f9145ae,ce6ff748-fdeb-4c42-9604-a64559716ff6,Bartholomew Bear Bedtime,MEDIUM,10.0,5.0,30.0,More on the way,2024-01-12 13:27:53
e910bbb4-9224-4ac2-a6b9-0e09a04f6e9f,76c51a94-0776-45d9-bf54-ef33e1ea8366,Little Reindeer,ONE SIZE,7.0,4.0,20.0,More on the way,2024-01-12 13:27:55
8b171c87-324f-45b5-83bd-9b64865ab34b,3dc054bb-4db6-4465-92e5-e16208388cf7,Merry Mouse Sleighing,ONE SIZE,7.0,4.0,42.5,Out of stock,2024-01-12 13:27:57
19d65f8d-f1ee-4c47-895b-51f660917bb8,664ce3ff-8aa8-47f1-91d0-dd4df7c79ab8,Winter Warmer Munro Scottie Dog,ONE SIZE,8.0,5.0,32.5,Out of stock,2024-01-12 13:27:58
b6e5e249-d0ab-48ff-91ac-796368d6cd4b,88b492da-361e-4cb4-9523-2fdfcae26a34,Nesting Penguins,ONE SIZE,4.0,5.0,35.0,More on the way,2024-01-12 13:28:00
9282544b-f023-4653-920f-d726e642f1ab,4caafd55-a2cd-4911-9bf2-66d1695d1e97,Ronnie Rockhopper Penguin,ONE SIZE,10.0,4.0,25.0,More on the way,2024-01-12 13:28:01
15a25ae2-daf2-432f-8bc9-7cb8317e0bf2,ec44a162-568d-49e6-8ba3-b5e82ed01509,Wee Reindeer,ONE SIZE,5.0,3.0,17.5,Out of stock,2024-01-12 13:28:03
492898dc-31cb-4f00-bc68-4872b20bde3f,b076c16e-28e6-4d1a-b210-ffc1006851c1,Blowzy Belle Cat,ONE SIZE,17.0,4.0,37.5,More on the way,2024-01-12 13:28:05
a15adcd7-4ee7-4bb1-80b4-b60b3cb1802b,399fc8fa-6120-41ed-9581-38786bc11a24,Fuzzkin Lamb,ONE SIZE,9.0,4.0,25.0,More on the way,2024-01-12 13:28:06
a42c712e-4956-43c2-895a-53593ff51289,575adeb5-4449-4c1f-abe3-851c3db9ea93,Herbie Highland Cow,ONE SIZE,10.0,6.0,35.0,More on the way,2024-01-12 13:28:08
22dfcd9d-423a-477c-a77f-fc9a0dc9744b,7938b729-0672-46eb-8936-59a7eee92546,Little Mouse,ONE SIZE,7.0,4.0,22.0,More on the way,2024-01-12 13:28:09
6bcd3532-87d0-436b-a29f-c6993ef5bbe6,f3da12e5-f455-4eab-a0be-86b93dbdaf29,Personalised Bashful Luxe Bunny Rosa Huge,HUGE,20.0,8.0,91.0,More on the way,2024-01-12 13:28:11
01aa84eb-da0c-4a4d-9a75-b7836ecb5bb9,fe1f456c-6660-4e6e-9b20-1e29fc9e5ed8,Sweetsicle Elephant,ONE SIZE,6.0,3.0,20.0,More on the way,2024-01-12 13:28:13
17cc44c0-4300-4e33-b411-584a85d2d48a,be4fc4a1-77e9-417d-a8e9-ce167b150f86,Tumblie Elephant,ONE SIZE,5.0,14.0,30.0,Returning to stock 2-3 months,2024-01-12 13:28:15
542be82f-e720-429e-8479-64abed9acdbe,89ebe466-6c10-4a61-8d9a-ce8d6686914c,Wavelly Whale Blue,ONE SIZE,2.0,6.0,15.0,More on the way,2024-01-12 13:28:16
be955a1f-5c9e-437b-be23-6c2750d89a9a,b6115ed5-d1c2-4a64-a91b-6a293b08b311,Wavelly Whale Grey,ONE SIZE,3.0,5.0,15.0,Returning to stock 2-3 months,2024-01-12 13:28:18
7e4bb764-f3ee-4414-88bb-e999cee7517c,963ae4f9-d3c7-4718-b8d9-66d6a2c6f390,Lottie The Ballet Bunny Book,ONE SIZE,7.0,7.0,15.0,Returning to stock 3-4 weeks,2024-01-12 13:28:20
34ef605e-f3e8-4823-ac01-8359717005a1,a131b8b5-9ac8-4b11-bc1a-59bf59a88b14,Sandy Snail,ONE SIZE,5.0,3.0,27.0,Returning to stock 2-3 months,2024-01-12 13:28:21
f6dfe4fe-9edc-4b26-9e76-2c1f90608507,dab2f5fe-6f34-43f8-b433-f9377e5f8bfa,Yummy Duckling,ONE SIZE,6.0,4.0,20.0,More on the way,2024-01-12 13:28:23
f05bd0d7-dab5-4b7b-a63c-6e1ff79dc3fe,d18ab5b1-9da9-45b0-bb88-c953c4024586,Yummy Lamb,ONE SIZE,6.0,4.0,20.0,More on the way,2024-01-12 13:28:25
a6d99bf2-a222-4593-bcca-42bd16749a9e,ab81f4d5-898d-46ba-a517-a79ef432c401,Amore Dog,ONE SIZE,10.0,7.0,40.0,More on the way,2024-01-12 13:28:26
8cb0f908-a5f6-43ef-9728-a12fe5be7e2f,195e4162-97a9-46f2-a800-db79cb8dcd55,Ambrosie Squirrel,ONE SIZE,9.0,4.0,35.0,More on the way,2024-01-12 13:28:28
e34e27b3-9f12-4fb3-938a-f44ca95b568f,28b58b90-2e91-4a43-908d-07ff7a216464,Archibald Elephant,MEDIUM,10.0,5.0,28.0,Returning to stock 2-3 months,2024-01-12 13:28:30
4853c527-ebc3-420c-85de-fe7b6ec66df4,2c6e5747-f7af-4f32-bc2a-f89a9b44346f,Barnabus Pig,HUGE,17.0,7.0,55.0,Out of stock,2024-01-12 13:28:32
0c082dc4-4ee7-45c6-a83c-52444e701009,2c6e5747-f7af-4f32-bc2a-f89a9b44346f,Barnabus Pig,MEDIUM,10.0,5.0,28.0,Returning to stock 2-3 months,2024-01-12 13:28:32
85fc8556-1894-47d7-8ec1-6c02b5387152,282a4e71-16f8-488a-8112-80b3f9644416,Bashful Koala,MEDIUM,11.0,5.0,28.0,More on the way,2024-01-12 13:28:33
ab803068-7dfb-4938-a209-7efeb6647b4d,e81bb759-9f03-439f-8084-72cbf84c3c17,Backpack Unicorn,ONE SIZE,9.0,4.0,30.0,More on the way,2024-01-12 13:28:35
ca614d48-0b0c-457c-ab8a-b6395b8da809,11d75f13-7ffb-493b-b251-c796beff5379,Floofie Sheepdog,ONE SIZE,10.0,16.0,80.0,More on the way,2024-01-12 13:28:37
b72db486-b87e-46c3-9361-7fb511776d14,be99a3d6-5c19-4e7a-ba9e-1aad1bf79996,Magnus Manatee,ONE SIZE,6.0,14.0,50.0,More on the way,2024-01-12 13:28:39
735dbbb4-90a9-43cf-af22-5290d8de2b1e,f4d3ea8f-e2e0-4a44-9f35-e117546cedbd,Napping Nipper Cat,ONE SIZE,4.0,6.0,25.0,More on the way,2024-01-12 13:28:41
b2fe8ad3-be44-444c-97e8-5a5eefc5be5c,551ff62b-7290-408f-ad84-eef6df97b306,Hibernating Penguin,ONE SIZE,5.0,5.0,22.0,More on the way,2024-01-12 13:28:42
be4ab909-5fcb-4e16-8bc0-7390a86b79eb,62b939f8-e50c-4946-9391-c87af0bf881a,Little Penguin,ONE SIZE,7.0,3.0,22.0,More on the way,2024-01-12 13:28:44
84dfa758-28df-43d5-bea2-a5c452c57c99,7d086ef1-c25b-4add-aaf8-31ad10891f62,Merry Mouse Candy Cane,ONE SIZE,7.0,4.0,27.5,More on the way,2024-01-12 13:28:46
37371b41-09e8-407e-8f84-5da295be0497,9811eae9-d763-4149-8943-f12e2e6d9ceb,Mitzi Reindeer,LARGE,14.0,4.0,50.0,More on the way,2024-01-12 13:28:48
429f2679-68df-4a17-9d27-35f1a46eaf74,9811eae9-d763-4149-8943-f12e2e6d9ceb,Mitzi Reindeer,MEDIUM,10.0,3.0,32.5,More on the way,2024-01-12 13:28:48
64f98d45-b5ef-47a8-9f2c-e69d0db31989,1a0e8994-0b91-41cc-87b7-1bfa804d2dee,Bashful Black Kitten,MEDIUM,12.0,5.0,28.0,More on the way,2024-01-12 13:28:50
6715ad37-68f3-4200-b9ae-f92a2a11fd16,7d465d00-e01c-4d62-afe4-4961f8ac5ed5,Bashful Snow Tiger,REALLY BIG,26.0,12.0,125.0,Out of stock,2024-01-12 13:28:52
c3e67eb7-6e49-423b-8d6d-c79c0a0ad2b2,7d465d00-e01c-4d62-afe4-4961f8ac5ed5,Bashful Snow Tiger,HUGE,20.0,8.0,80.0,Out of stock,2024-01-12 13:28:52
447f38cc-fc91-45dc-b5db-5012c76ea81b,7d465d00-e01c-4d62-afe4-4961f8ac5ed5,Bashful Snow Tiger,MEDIUM,12.0,5.0,28.0,Returning to stock next week,2024-01-12 13:28:52
f12edc7f-ac79-4e32-b630-67e8831033aa,ca340085-9667-4ad5-8db1-2fde96926540,Birdling Blue Jay,ONE SIZE,4.0,3.0,17.0,More on the way,2024-01-12 13:28:54
594f8e77-762a-430b-95a2-67010c0f089c,929b8189-a94c-4214-870a-cb450f95cac4,Birdling Mallard,ONE SIZE,4.0,3.0,17.0,More on the way,2024-01-12 13:28:55
6b823ba0-8567-4a04-ab26-e7a95a203fe5,63b44a55-4e1a-4f8d-832b-61b769041863,Birdling Pigeon,ONE SIZE,4.0,3.0,17.0,More on the way,2024-01-12 13:28:57
ba35854e-dc69-46bc-a4e7-a27b25037985,c2ea74cb-bb1d-40b6-b987-e95d7c354a33,My Dad and Me Book,ONE SIZE,8.0,8.0,15.0,Returning to stock next week,2024-01-12 13:28:59
59121846-3990-42cf-9085-c3c90362d911,09b7d7e9-a329-4ad0-b591-52fd966e31cd,Backpack Elephant,ONE SIZE,9.0,4.0,30.0,Returning to stock 2-3 months,2024-01-12 13:29:01
c0187125-ee50-4314-87de-01425cd5ccbe,dad8ccbc-6a0c-4444-9a2f-3906cb4fb80e,Bruce Bush Baby,ONE SIZE,7.0,5.0,27.5,More on the way,2024-01-12 13:29:03
ed623ab2-ae27-44c9-806f-836b7fb78990,fd3fac9f-1db6-4ccb-8b06-8e53e5f21ad9,Curvie Sheep Dog,ONE SIZE,9.0,6.0,33.0,More on the way,2024-01-12 13:29:05
c4c6d41a-fa1c-4767-accd-5f7b1db6509d,4a560e17-bdcf-435b-9ee2-aa386b988b67,Huggady Panda,LARGE,13.0,7.0,67.5,Out of stock,2024-01-12 13:29:07
1acd7c23-6033-4d95-a4e5-296514518fbc,4a560e17-bdcf-435b-9ee2-aa386b988b67,Huggady Panda,MEDIUM,9.0,5.0,30.0,More on the way,2024-01-12 13:29:07
a193223a-2362-4267-b9f8-abecaca39c73,d82ce544-fa86-43ac-8544-cc671a8cd49c,Bashful Snow Tiger with Personalised Cream Jumper,MEDIUM,12.0,5.0,38.0,Returning to stock next week,2024-01-12 13:29:09
ed1b0acf-6424-4c84-a98f-95949fe7c464,0d670a36-8e6f-4447-a3f6-92e380a8ee7d,Bashful Snow Tiger with Personalised Navy Jumper,MEDIUM,12.0,5.0,38.0,Returning to stock next week,2024-01-12 13:29:11
caebb4f8-3855-4791-893c-ce81c0c2be45,d8894f63-81c2-417c-b1f2-5537285679c6,Bashful Snow Tiger with Personalised Red Jumper,MEDIUM,12.0,5.0,38.0,Returning to stock next week,2024-01-12 13:29:13
e8e93b68-3155-4998-ba65-ef68ce190497,296a412b-b7b7-4e1f-887e-3112e53272d9,Kitten Caboodle Ginger,ONE SIZE,4.0,4.0,20.0,More on the way,2024-01-12 13:29:14
976bd0e1-d60d-49d5-8010-045216e7524e,caefbc2d-53c6-497d-b3b5-2718ff46e5cd,Little Frog,ONE SIZE,7.0,4.0,22.0,More on the way,2024-01-12 13:29:16
2a176406-d349-4332-9cc6-8dd9925cece1,23283c87-acd6-4ae0-86f6-41a2cbf1a686,Munro Scottie Dog,HUGE,17.0,9.0,75.0,Out of stock,2024-01-12 13:29:18
