jellycatsizeid,jellycatid,jellycatname,size,height,width,price,stock,datecreated
3ce8bd90-8e8f-4bf1-ab91-0c051df96dea,e9c7c0d1-9fc1-4460-bf9a-3aec4e440c13,Bartholomew Bear Pumpkin,LARGE,14.0,8.0,55.0,In Stock,2024-01-13 10:08:38
e5e2aa17-fd36-4725-a4da-a73c33fd4b1a,9db07829-53a7-45b5-98a4-9aa4c8c03d4b,Bashful Luxe Bunny Azure,HUGE,20.0,8.0,85.0,In Stock,2024-01-13 10:08:40
bb4ba1ed-26f9-4e0e-b543-cef0b6e11a84,9db07829-53a7-45b5-98a4-9aa4c8c03d4b,Bashful Luxe Bunny Azure,MEDIUM,12.0,5.0,35.0,In Stock,2024-01-13 10:08:40
b0e58b11-1cb6-43ae-b972-0bfa625d5a33,5a60711b-1c4a-4b06-9a4c-88e7b722d3ae,All Kinds of Cats Book,ONE SIZE,9.0,7.0,15.0,In Stock,2024-01-13 10:08:42
869460e5-3c6b-4dc5-be8b-84e9ee672985,1a613929-8434-4a40-9835-acf8efc3251d,Fergus Frog,ONE SIZE,13.0,4.0,50.0,In Stock,2024-01-13 10:08:43
02822290-9467-4779-a144-2faf0e687b1c,d138ffe3-3955-45de-9ebf-f0fc81065fe7,Jellycat Head Giant,ONE SIZE,22.0,24.0,220.0,In Stock,2024-01-13 10:08:45
7bb97399-f7b4-4533-a232-149308f32b9c,2e155cc0-1d65-46ec-a7b7-b354caad9cf3,Jellycat Jack,REALLY BIG,26.0,9.0,165.0,In Stock,2024-01-13 10:08:47
485fd6c2-13f6-402f-83d9-6cac947e7800,2e155cc0-1d65-46ec-a7b7-b354caad9cf3,Jellycat Jack,HUGE,19.0,6.0,110.0,In Stock,2024-01-13 10:08:47
e1497dce-34b3-4592-8941-cf3fad453a30,2e155cc0-1d65-46ec-a7b7-b354caad9cf3,Jellycat Jack,MEDIUM,13.0,4.0,45.0,More on the way,2024-01-13 10:08:47
d093a9a6-0418-415e-9675-6432b388a172,670ff705-1913-4fb4-87ec-615c97cef092,Jellycat Bag Charm,ONE SIZE,5.0,4.0,28.0,In Stock,2024-01-13 10:08:48
130578d7-29d0-48d2-b840-93ba92f8492a,afc390df-e5dd-4ce1-85c0-2ecc6a894219,Jellycat Bag,ONE SIZE,6.0,9.0,45.0,In Stock,2024-01-13 10:08:50
28e9eba5-5542-49a8-81f8-6e2a4a2affdc,cdfcad47-a4dd-4a41-b466-186670502581,Junglie Monkey,MEDIUM,18.0,7.0,55.0,In Stock,2024-01-13 10:08:52
b84f42c7-9292-4271-8cbd-a1afcdc3dd71,3a686dde-f7c5-4dba-8d2f-c090f439bd5b,Truffles Sheep,LARGE,9.0,25.0,110.0,In Stock,2024-01-13 10:08:53
a1a41d3c-0b33-4a5a-97c6-ff7137ff242e,0bcf074e-03a3-45e6-b95d-30ea316a0e44,Darvin Dragon,ONE SIZE,9.0,8.0,50.0,In Stock,2024-01-13 10:08:55
33e3f592-f56c-4d4f-a572-94ebea78c83b,b4d7ff66-c5e7-47e9-8b02-824048312cee,Golden Dragon,HUGE,7.0,26.0,120.0,In Stock,2024-01-13 10:08:57
67760ab1-e695-40ae-b2e6-2d105dabb3c2,b4d7ff66-c5e7-47e9-8b02-824048312cee,Golden Dragon,LARGE,5.0,20.0,65.0,In Stock,2024-01-13 10:08:57
3a1faf04-dd2d-4600-826c-d02012f58b9d,b4d7ff66-c5e7-47e9-8b02-824048312cee,Golden Dragon,LITTLE,3.0,12.0,32.5,In Stock,2024-01-13 10:08:57
d7281373-aa80-4604-b152-b5edcb4db97a,2abe9733-3a60-4405-bb32-dfc8242133e0,Golden Dragon Bag Charm,ONE SIZE,5.0,9.0,28.0,In Stock,2024-01-13 10:08:58
3c8f431c-365c-4914-8a7e-6b2904161271,2501bbf7-fc3a-4f45-a9b2-fc3ce130dcfc,Lavender Dragon Bag Charm,ONE SIZE,5.0,9.0,28.0,In Stock,2024-01-13 10:09:00
17c38714-f18d-49d2-a4c8-17e863a8e5e3,255d903f-f76c-464b-8b60-b4c961c97f83,Little Dragon Bag Charm,ONE SIZE,7.0,2.0,23.0,In Stock,2024-01-13 10:09:02
3b518466-c1ba-44de-b813-27245b08aff7,712c498b-8bf2-455e-9d27-b02e7c3e2206,Rose Dragon Bag Charm,ONE SIZE,5.0,9.0,28.0,In Stock,2024-01-13 10:09:03
e4cbb266-c378-499b-a09d-d5079d8fd19e,04aaa1bf-17f5-4f45-8f31-eab1fee97359,Snow Dragon Bag Charm,ONE SIZE,5.0,9.0,28.0,In Stock,2024-01-13 10:09:05
7162695f-4107-4d7a-93bf-68073052187d,26862dae-8782-466e-be08-ccf3b592ab56,Aimee Sheep,ONE SIZE,8.0,9.0,40.0,In Stock,2024-01-13 10:09:07
920c79ba-b8e4-40f6-a7fd-bb95a5e57785,3f587d6c-25a9-4f4a-938a-d85ece632d7a,Bashful Red Love Heart Bunny,MEDIUM,12.0,5.0,32.0,In Stock,2024-01-13 10:09:09
ae780cd8-2a37-4d86-bb4a-286142afcf15,3f587d6c-25a9-4f4a-938a-d85ece632d7a,Bashful Red Love Heart Bunny,SMALL,7.0,4.0,25.0,In Stock,2024-01-13 10:09:09
b8d0b568-e43b-4d61-96de-264dec1ae1ec,b8aee278-dcd9-4c70-9425-e446f8a63311,Fabian Frog Prince,ONE SIZE,9.0,8.0,40.0,In Stock,2024-01-13 10:09:10
34e3d6f5-da9f-4f03-904a-2135574465a2,e8a0905a-32ae-450b-aabe-0743730240bf,Loulou Love Bug,ONE SIZE,2.0,5.0,20.0,In Stock,2024-01-13 10:09:12
439e877d-b68c-451f-83fc-32be9a0ac434,da24141b-7d87-42d7-8dda-13b97ec51724,Amore Bunny,MEDIUM,10.0,7.0,40.0,In Stock,2024-01-13 10:09:13
7f9433ab-07e1-4413-8e1b-5b8f5689183f,d4288880-7c98-4905-9c51-59e3fda632ec,Bibbly Bobbly Sheep,ONE SIZE,14.0,9.0,55.0,In Stock,2024-01-13 10:09:15
af754158-b1b1-4d52-8b49-fa165f367c6c,b9cdffbb-9d90-4029-9527-966f99f2ecdd,Brynlee Bee,ONE SIZE,5.0,6.0,28.0,In Stock,2024-01-13 10:09:16
a5fac567-66bd-49f4-84ab-365d97cabe0f,48a177ba-1546-4846-b219-075c1b57209c,Bartholomew Bear Bathrobe,MEDIUM,10.0,5.0,45.0,In Stock,2024-01-13 10:09:18
077c7bc4-0fd2-4cdf-af8c-693a7aeafbcd,05931229-418f-4b08-85e6-232c87a111c6,Bashful Duckling,MEDIUM,12.0,5.0,28.0,In Stock,2024-01-13 10:09:19
c30a8ec5-891e-4cbb-8baa-f5bfe366ad20,31abfdb6-750a-440f-b2d9-6efe541b8961,Bashful Moss Bunny,MEDIUM,12.0,5.0,28.0,In Stock,2024-01-13 10:09:21
38030105-10e4-464c-859e-daf0f0dbe4ca,31abfdb6-750a-440f-b2d9-6efe541b8961,Bashful Moss Bunny,SMALL,7.0,4.0,18.0,In Stock,2024-01-13 10:09:21
a187446d-3e0b-45cb-8e26-e68fb36cfabf,7d2f2513-dae2-44f1-b345-322f791938c4,Bashful Viola Bunny,MEDIUM,12.0,5.0,28.0,In Stock,2024-01-13 10:09:24
5a25abc1-a3ab-4e9c-8db3-3b930f7e5c4b,7d2f2513-dae2-44f1-b345-322f791938c4,Bashful Viola Bunny,SMALL,7.0,4.0,18.0,In Stock,2024-01-13 10:09:24
4b4adf59-02ca-4b31-8dcf-ca0ba1f0891f,5f034e6c-811d-4248-be93-01dd09333278,Bashful Bunny with Carrot,SMALL,7.0,4.0,28.0,In Stock,2024-01-13 10:09:25
72ca7221-bcbe-4c47-962f-1736b0e50409,613dc72c-e969-4b77-946e-7eb3d0c78cbe,Bashful Bunny with Daffodil,SMALL,7.0,4.0,28.0,In Stock,2024-01-13 10:09:27
db6c2b61-b092-4e04-b530-2b54966a64bf,d9ddd921-3c3e-4d8b-b1b8-406cb8d3956e,Lottie Fairy Bunny Book,ONE SIZE,7.0,7.0,15.0,In Stock,2024-01-13 10:09:28
51d081e2-fc98-4f28-a9cc-5bda863950e7,3e7a8f8f-685d-4a97-8749-13dcb625fe9f,Blossom Cherry Bunny,MEDIUM,12.0,5.0,28.0,In Stock,2024-01-13 10:09:30
c5bd8425-30bf-4f5f-a41a-ef6ee6897843,3e7a8f8f-685d-4a97-8749-13dcb625fe9f,Blossom Cherry Bunny,SMALL,7.0,4.0,18.0,In Stock,2024-01-13 10:09:30
30cac2fc-a519-4f83-803f-a8e48f517645,64ceea83-dd03-4bf0-950f-fa843110d35d,Dainty Dessert Bunny Cupcake,ONE SIZE,6.0,4.0,28.0,In Stock,2024-01-13 10:09:31
b937e2c9-3e58-40cb-951c-64112425cf55,81a3fd8f-365e-4825-92ae-dcc667b1a348,Dainty Dessert Bunny Macaron,ONE SIZE,5.0,5.0,28.0,In Stock,2024-01-13 10:09:33
618e8ec4-26d0-4f1e-bb05-fd2315f073b9,99657005-287e-40a9-b449-c8fb44ba125d,Fluffy Chicken,ONE SIZE,4.0,2.0,15.0,In Stock,2024-01-13 10:09:35
595be1f3-9b0f-40d9-9d88-4035a8070a75,27cc7648-fb7b-4acc-93e3-885ce020959f,Fluffy Duck,ONE SIZE,4.0,2.0,15.0,In Stock,2024-01-13 10:09:36
d00c93bb-d4b6-439d-bf40-6e3939ab9a3b,22587d95-1789-49ab-8c07-cb410e03c057,Finnegan Frog,ONE SIZE,9.0,3.0,20.0,In Stock,2024-01-13 10:09:38
e95596d6-ba5d-46bb-b4cb-02c5ec129bcd,db7d0fdc-bac1-4688-a1fd-a80c50b7b915,Lottie Bunny Fairy,ONE SIZE,11.0,3.0,32.5,In Stock,2024-01-13 10:09:39
17a75b18-e400-4c86-9f6e-94f88ccff2a6,52995357-9cd5-4be9-92fa-21e1abfe7b43,Smudge Rabbit Big,BIG,6.0,17.0,75.0,In Stock,2024-01-13 10:09:41
3930efc3-8d75-463a-b85b-2d461865041b,0f994bc9-3350-409f-9ca5-3402192a2e2a,Amore Corgi,MEDIUM,10.0,7.0,40.0,In Stock,2024-01-13 10:09:42
2cc3b443-5899-4ffb-b9b3-fbc883775e68,89733de2-8876-433e-91ae-57a1f2773278,Bashful Pegasus,MEDIUM,12.0,5.0,28.0,In Stock,2024-01-13 10:09:44
9f4cbd7b-a9ad-42d4-a09f-a7dca2cb4b2c,5f56b54f-bcd1-4769-92f7-41298c6a32a9,If I Were an Owl Board Book,ONE SIZE,6.0,6.0,13.5,In Stock,2024-01-13 10:09:46
b5012bab-2064-4fa0-9d14-d0c1167f87bd,aed75da9-ca38-478c-a1c4-2db6a14df316,Betty Corgi Bag Charm,ONE SIZE,4.0,2.0,23.0,In Stock,2024-01-13 10:09:47
84cc1af7-1963-473d-b3fe-e5979549ccea,187a714c-0fbf-4b2f-ac39-feaadec2eca8,Rory Le Courageux Petit Lion Livre (The Very Brave Lion),ONE SIZE,9.0,9.0,15.0,In Stock,2024-01-13 10:09:48
61328f29-b437-4216-a95a-936f0a3cce45,9d80035e-c57b-4faa-96c0-af91b83da790,Lapin Timide Et Ses Petites Aventures Livre (Little Me),ONE SIZE,8.0,8.0,15.0,In Stock,2024-01-13 10:09:50
914ca46b-99b4-4427-a3fd-4cc77c115579,7e9c361f-c9a4-4199-9e11-d615861de1be,Lapin Timide Veille Sur Tes Nuits Livre (The Magic Bunny),ONE SIZE,7.0,7.0,15.0,In Stock,2024-01-13 10:09:52
1201d0bf-c725-4de4-87ca-22eeb850db93,20187f94-2400-47d4-93ec-cf4710f93e00,Lapin Timide Veut Grandir Livre (When I Am Big),ONE SIZE,8.0,8.0,15.0,In Stock,2024-01-13 10:09:53
f03dedc2-ba1a-469f-ba54-664e3d8452f8,ec6b6634-55e7-4b39-b591-635a00612a33,Bodacious Beak Parrot,ONE SIZE,9.0,4.0,30.0,In Stock,2024-01-13 10:09:54
8af669a9-4edf-4c10-a09a-57033becbb2e,d1b2ef2d-5793-42ca-879c-aed7195e25f3,Bodacious Beak Toucan,ONE SIZE,9.0,4.0,30.0,In Stock,2024-01-13 10:09:56
ed6735a5-7080-4cc4-a48c-9a98efdc3492,c581de27-e176-432e-9833-0f8dca9a0ee5,Bryno Dino,ONE SIZE,12.0,6.0,55.0,In Stock,2024-01-13 10:09:58
a1bf03ec-6e4d-49fa-91f1-64d8755fbf27,46f7dc50-49d8-4a5a-9050-e5b5c23b8f53,Coquette Cutie Bunny,ONE SIZE,10.0,2.0,32.5,In Stock,2024-01-13 10:09:59
7cafd6d6-3912-40a5-94f8-c60ed0c1284a,2d52b55e-e6a7-4fa4-800a-0b73f7102909,Comfy Coat Bunny,ONE SIZE,7.0,3.0,25.0,In Stock,2024-01-13 10:10:01
befc10b9-9fc5-4c7f-a743-fb0d8b8e7381,1518c856-5cbe-490d-9be1-da43618000a5,Comfy Coat Mouse,ONE SIZE,7.0,3.0,25.0,In Stock,2024-01-13 10:10:02
cf94d913-ca80-47f8-a122-6803577cb501,31aa7899-f761-438b-8f94-78e4b3a10314,Cuddlebud Bernard Bunny,ONE SIZE,6.0,4.0,28.0,In Stock,2024-01-13 10:10:04
77d3bf34-f723-491c-927f-f1d88785f148,21ef552b-31cb-4089-b319-01d158a5c4e3,Cuddlebud Darcy Dormouse,ONE SIZE,6.0,4.0,28.0,In Stock,2024-01-13 10:10:05
a28837b6-330c-42d2-a62c-e8ce99157231,9d2d2d8f-61f0-4bf7-9ec7-583433f2e76a,Cuddlebud Morgan Mole,ONE SIZE,6.0,4.0,28.0,In Stock,2024-01-13 10:10:07
764078fd-e212-48e9-98d7-052b7833972b,3b0f9911-e6f2-49a5-9450-9162541ea041,Spooky Greta Gremlin,ONE SIZE,11.0,4.0,40.0,In Stock,2024-01-13 10:10:08
a7f36e85-d6eb-479f-af71-a348a2a6f590,0738299f-93f8-45cc-90fb-f82328a50c87,Harvey Bear,ONE SIZE,11.0,25.0,150.0,In Stock,2024-01-13 10:10:10
a4442a41-47a9-4c45-a2ad-b6c335e15d88,5dd35ce7-36d6-4dbb-8d01-bd0470ac2653,Huddles Grey Elephant,ONE SIZE,10.0,6.0,45.0,In Stock,2024-01-13 10:10:12
344b8046-a756-4a1f-9287-ffa72da8c5ea,2bf5ac0f-fa5c-4a2c-a9ca-f264fb9858ac,Isadora Unicorn,ONE SIZE,13.0,13.0,65.0,In Stock,2024-01-13 10:10:13
597e34d9-0679-4191-bf03-98adc86cc894,cb0c593e-70f0-4df5-a88d-bd00f17c7dad,Little Dragon,ONE SIZE,7.0,4.0,22.0,In Stock,2024-01-13 10:10:15
c404d85c-5a08-49c4-90ce-bbad61ea1c63,c114b19e-a72d-4c93-8206-efeaab1b7fb1,Lois Lionfish,ONE SIZE,6.0,10.0,35.0,In Stock,2024-01-13 10:10:16
90e8103e-8be4-41e1-ab57-cb59273cf159,a4dbd893-51ac-42e1-8d7d-9d2273ea7330,Napping Nipper Westie,ONE SIZE,4.0,6.0,25.0,In Stock,2024-01-13 10:10:18
81b9d7e3-ba03-42ca-91e9-1de63d032bcd,d6c6a160-42c8-46ce-988b-9e1ab2bb50b4,Otto Sausage Dog Bag Charm,ONE SIZE,4.0,2.0,23.0,In Stock,2024-01-13 10:10:20
8e1fca67-332e-4ca9-92cc-71cd357fbc20,fc30934e-9180-4e8e-806f-bb83f051ed87,Ricky Rain Frog Bag,ONE SIZE,7.0,7.0,40.0,In Stock,2024-01-13 10:10:21
e88bf633-357c-4288-a598-e1615797bc5b,52c6bfe0-cfe7-4573-a38a-3aa4e6ee0bb5,Stellan Sabre Tooth Tiger,ONE SIZE,19.0,7.0,75.0,In Stock,2024-01-13 10:10:23
fc7563f6-8b8b-420f-8e84-ef5474aaa9fe,8e486e83-f852-4916-b6f7-1d94d20754a9,Bashful Snow Tiger Soother,ONE SIZE,13.0,13.0,25.0,In Stock,2024-01-13 10:10:24
4272d467-aa7b-4c10-91a6-e4530b095330,fd0fb193-9a12-496c-8ad5-d2be022458f4,Spindleshanks Spider,SMALL,3.0,14.0,27.5,In Stock,2024-01-13 10:10:26
e9cb34d0-b95d-4c96-9255-b38e283f4913,bf9745d7-9745-4ebb-b3e7-a36469ffeba0,Stanley Stick Insect,ONE SIZE,3.0,11.0,28.0,In Stock,2024-01-13 10:10:28
1965fafc-b809-4679-b9bd-fec04c431b85,7c82fd06-7f5a-498f-abfe-0c2b388f793e,Viggo Mammoth,ONE SIZE,19.0,7.0,75.0,In Stock,2024-01-13 10:10:29
5a288260-519a-4509-b2a2-33bb72614bc6,72bd50a8-31e0-411c-8f6e-501041454aa7,Maya Octopus,REALLY BIG,30.0,12.0,130.0,In Stock,2024-01-13 10:10:31
cee4b977-7486-473c-9e84-57127c4d772d,72bd50a8-31e0-411c-8f6e-501041454aa7,Maya Octopus,LARGE,19.0,7.0,53.0,More on the way,2024-01-13 10:10:31
3d629cab-5c54-47f8-ac0f-31eb6fcd8d79,72bd50a8-31e0-411c-8f6e-501041454aa7,Maya Octopus,LITTLE,9.0,4.0,30.0,Returning to stock next week,2024-01-13 10:10:31
b004467e-60b3-4acd-a5bb-b9388445a8fc,72bd50a8-31e0-411c-8f6e-501041454aa7,Maya Octopus,TINY,6.0,3.0,18.0,Returning to stock 3-4 weeks,2024-01-13 10:10:31
4e7557e1-5e98-4352-9033-07c22d8a7e6f,1484017a-855c-4d8e-9704-e947320f5948,Albert Jack Russell,ONE SIZE,7.0,6.0,30.0,In Stock,2024-01-13 10:10:33
7992a3f5-13d0-4a9f-b471-0c370b977ce0,adf878ce-a241-4e3d-89dd-8cb62bced115,Birdling Hummingbird,ONE SIZE,4.0,2.0,17.0,In Stock,2024-01-13 10:10:34
c0ee1dd8-14e0-4f7b-84a4-9f681bf9d2c7,8f0d8fd6-6b22-42d3-adb2-0e1a30128766,Bashful Christmas Bunny,MEDIUM,12.0,5.0,27.5,In Stock,2024-01-13 10:10:36
0ea4eeae-553d-43da-9665-4462e1d6f63e,7b01b0df-148a-4cc9-a02c-1bb81ccf6501,Bashful Luxe Bunny Luna,HUGE,20.0,8.0,85.0,In Stock,2024-01-13 10:10:38
894fcfa8-e700-4ac6-95a5-0b7878068416,7b01b0df-148a-4cc9-a02c-1bb81ccf6501,Bashful Luxe Bunny Luna,MEDIUM,12.0,5.0,35.0,In Stock,2024-01-13 10:10:38
d9716374-cea7-494c-b1e6-c98057a51f41,b6c61ca8-3b60-4f4d-91b1-c95fc87b2e44,Bashful Christmas Bunny Decoration,TINY,5.0,2.0,15.0,In Stock,2024-01-13 10:10:40
37225f38-1045-4fbc-b6dd-f6a1204f34ae,913d4af4-758b-4da0-aa04-803f2d2f1eff,Merry Mouse Book,ONE SIZE,7.0,7.0,15.0,In Stock,2024-01-13 10:10:41
8e26fd09-6a44-4884-b0a5-34d10d9a8cf9,7a4a1d23-e794-4857-bbe8-88cbc14cfd04,Otto’s Snowy Christmas Book,ONE SIZE,7.0,9.0,15.0,In Stock,2024-01-13 10:10:43
b3998704-9217-469c-b1cd-e254bda4b4ec,7f95fd37-107e-42a6-823e-5d718f7d02b8,The Playful Polar Bears Book,ONE SIZE,8.0,8.0,15.0,In Stock,2024-01-13 10:10:44
22879615-4b8e-47f2-808d-0793de3643b8,4915aba8-bdb7-4585-9ef5-05a089b3d565,Mitzi Reindeer’s Dream Book,ONE SIZE,8.0,8.0,15.0,In Stock,2024-01-13 10:10:46
2836dc3a-08d8-4588-9400-f071aa6d6225,246bba0f-bb1e-4caf-948c-09442bc1c4e8,Festive Folly Penguin,ONE SIZE,4.0,2.0,12.5,In Stock,2024-01-13 10:10:47
176dbb07-b1e5-4689-8541-9b1ccfd2d42e,56af1cd1-2d08-455c-9d1a-3d544aa60e37,Sofia Reindeer,ONE SIZE,17.0,5.0,60.0,In Stock,2024-01-13 10:10:49
cb5339a0-40b1-468f-b20e-9943539b1004,d6411421-e583-4a0f-b58f-f26a313b7f89,Christmas Grizzo,ONE SIZE,11.0,4.0,37.5,In Stock,2024-01-13 10:10:51
038151c0-8041-4eba-912b-2aceebce4871,99363b00-7c5d-496b-95d5-86c910a2d4ee,Maurice Macaroni Penguin,ONE SIZE,8.0,5.0,32.5,In Stock,2024-01-13 10:10:52
28af6550-5db4-495b-be96-09d6ae112c2e,65fbd256-2686-46b6-9809-29e7fb713aaa,Merry Mouse,ONE SIZE,7.0,4.0,27.5,In Stock,2024-01-13 10:10:54
8bf7a63b-080e-4af5-b58e-c640f7f2d73d,30474786-9d66-4ea2-bcf1-c64f4a4a2509,Merry Mouse Present,ONE SIZE,7.0,4.0,27.5,In Stock,2024-01-13 10:10:55
dadf207d-da08-43f1-a4df-c01ff9043633,347cda84-8289-4b67-b63e-6420958ed8d5,Merry Mouse Skiing,ONE SIZE,8.0,5.0,37.5,In Stock,2024-01-13 10:10:57
25faa8b9-bd87-409b-89d9-78c6e4fe8ac5,54c802c4-6f67-4fee-9909-73f30238a7b6,Winter Warmer Otto Sausage Dog,ONE SIZE,6.0,3.0,32.5,In Stock,2024-01-13 10:10:58
be069f84-a3a2-405f-adc7-aa0abf6e1452,7f86fe40-dfe8-4b21-bade-026f6897a9bf,Personalised Bashful Luxe Bunny Luna Huge,HUGE,20.0,8.0,91.0,In Stock,2024-01-13 10:11:00
f854f59c-a4a5-4469-8f5f-5d826c3de5d8,65697059-c0cc-43d0-a3f9-062ed8338d7a,Personalised Bashful Luxe Bunny Luna Medium,MEDIUM,12.0,5.0,41.0,In Stock,2024-01-13 10:11:02
7100afaf-cdad-4dad-a65c-3a5c21e8dbea,8874fdb0-58a5-46f2-a90a-154acc34c8ee,Winter Warmer Pippa Black Labrador,ONE SIZE,9.0,3.0,32.5,In Stock,2024-01-13 10:11:04
11efdfd5-1d9a-4094-91dc-725afb6101ed,12c4cebd-b1f7-4bbc-8928-3a9c384af1a6,Santa Ricky Rain Frog,ONE SIZE,6.0,5.0,35.0,In Stock,2024-01-13 10:11:05
e08ec899-9eee-4a1e-ae6d-2269f6e6bb16,84ef9746-3d14-4902-ab52-d314cb58e3b3,Otto's Snowy Christmas Book & Winter Warmer Otto Sausage Dog,ONE SIZE,,,47.5,In Stock,2024-01-13 10:11:07
6c8be40b-8c38-4e18-9061-665e662bca73,2702147a-a003-4274-93e5-8d97dd57a12b,Amuseabean Bunny,ONE SIZE,4.0,4.0,20.0,In Stock,2024-01-13 10:11:08
f77b594c-29d6-4dd2-aa16-f6a491d0de7d,3afdf18c-3765-468e-9e39-bc52a111c626,Amuseabean Highland Cow,ONE SIZE,4.0,4.0,20.0,In Stock,2024-01-13 10:11:10
46d4359e-d0b9-4395-96c2-958167717449,a9d7ac0f-fa23-4c89-80a7-0851f6f2467e,Amuseabean Ram,ONE SIZE,4.0,4.0,20.0,In Stock,2024-01-13 10:11:12
718f30e0-d48c-4096-a101-720d5e34d79e,b467c921-9ed5-4e66-bda9-bb82a21d7200,Bartholomew Bear Bag Charm,ONE SIZE,5.0,2.0,23.0,In Stock,2024-01-13 10:11:13
a1199277-9901-4ef1-a2c0-666cdf88fe03,709369f0-4d05-4575-8439-035afe394f37,Bashful Luxe Bunny Rosa,HUGE,20.0,8.0,85.0,More on the way,2024-01-13 10:11:15
a1443483-b100-4257-b656-1dd08fc71210,709369f0-4d05-4575-8439-035afe394f37,Bashful Luxe Bunny Rosa,MEDIUM,12.0,5.0,35.0,In Stock,2024-01-13 10:11:15
677e939c-7e38-4f33-9de9-d5e1a29242f9,206eeebe-c1d8-4a68-8946-8a837613605a,Bashful Luxe Bunny Willow,HUGE,20.0,8.0,85.0,More on the way,2024-01-13 10:11:19
9ad172c8-5676-4d9b-8211-4584b5fa5968,206eeebe-c1d8-4a68-8946-8a837613605a,Bashful Luxe Bunny Willow,MEDIUM,12.0,5.0,35.0,In Stock,2024-01-13 10:11:19
9371707b-0208-45f7-809c-389f8d469fa8,ace88a57-ce05-488d-b215-913aaad2bd1c,Birdling Goldfinch,ONE SIZE,4.0,3.0,17.0,In Stock,2024-01-13 10:11:20
484fc3f5-2f4b-4505-b7ab-ebf360b6e032,dbdd92a3-2ac8-4e28-b663-620325bab685,Birdling Swallow,ONE SIZE,4.0,3.0,17.0,In Stock,2024-01-13 10:11:22
7c9f07a1-5193-47b0-9dbf-87a39ad61baf,060163a8-e2e8-4357-8cbf-bced51588e87,Blowzy Belle Sheep,ONE SIZE,16.0,4.0,37.5,In Stock,2024-01-13 10:11:24
899ef715-7f0e-4f18-b2ff-438fabbd49fa,37f205fd-8ef7-4ff1-9b50-eea54180b9b6,Fou Fou Ostrich,ONE SIZE,8.0,6.0,28.5,In Stock,2024-01-13 10:11:25
e4dcc608-00f3-4e76-bafe-93d96186bfc6,1e42cc50-1a7f-430e-a49f-3ab23b1dbd04,Fou Fou Peacock,ONE SIZE,8.0,6.0,28.5,In Stock,2024-01-13 10:11:27
5dbbdf1a-e43b-4765-9a89-66f27d71adab,1686dc8b-f8a1-40bc-9bac-9a1d3e9504a2,Fuzzkin Monkey,ONE SIZE,9.0,4.0,25.0,In Stock,2024-01-13 10:11:28
469623cd-bef8-4bbf-8e98-4ebc361a6c4a,af439c17-e8c2-4872-b5a3-ea6073a73e54,Ginny Goat,ONE SIZE,10.0,6.0,35.0,In Stock,2024-01-13 10:11:30
21bed175-40a9-4daf-8bdf-c009c61b8398,435b9000-3067-4b30-af42-a9a573ec2820,Gracie Grouper Fish,ONE SIZE,4.0,10.0,30.0,In Stock,2024-01-13 10:11:32
226d5693-2e8e-49ca-988e-97c28a63fefc,7b884d06-535a-4e5d-b033-3a1d51d5f8ea,Hector Fox Terrier,ONE SIZE,9.0,4.0,35.0,In Stock,2024-01-13 10:11:33
8ae261cc-306a-430f-a320-98503b359a05,b754c86c-b328-4707-bc90-444541a38cb6,Jinx Monster,ONE SIZE,17.0,6.0,35.0,In Stock,2024-01-13 10:11:35
90d03e3e-606b-4849-a096-77a0c109db6d,6499bd5b-675a-47e1-a81d-84d520b971b4,Jollipop Cat,ONE SIZE,8.0,4.0,23.5,In Stock,2024-01-13 10:11:37
b727860a-bcad-4c9d-903a-a7112c8882b4,140d9993-da78-43d4-98a9-7951fe192b3f,Jollipop Puppy,ONE SIZE,8.0,4.0,23.5,In Stock,2024-01-13 10:11:38
6ae0497e-a62d-42a7-b008-7d71df872508,7fc2e590-390f-4d5d-adf7-e18e4a02779b,Little Monkey,ONE SIZE,7.0,4.0,22.0,In Stock,2024-01-13 10:11:40
7fd48f15-4dc8-4cc0-abc9-19309b29ff53,f4e557d4-2299-4342-9dfe-5363b2459a76,Lavender Dragon,HUGE,7.0,26.0,120.0,In Stock,2024-01-13 10:11:42
a0b263e8-3871-421f-8fa2-2df764fc5017,f4e557d4-2299-4342-9dfe-5363b2459a76,Lavender Dragon,MEDIUM,5.0,20.0,65.0,In Stock,2024-01-13 10:11:42
4d4c66e8-56c6-4d1a-bbb0-2855c85779c0,f4e557d4-2299-4342-9dfe-5363b2459a76,Lavender Dragon,LITTLE,3.0,12.0,32.5,In Stock,2024-01-13 10:11:42
6ac7365f-d2e7-4c04-853f-71abad1c5277,306bc5ee-7086-42f6-8f75-d8ed10dd362f,Lila Ballerina Bunny,ONE SIZE,13.0,2.0,35.0,In Stock,2024-01-13 10:11:43
5b85ef6c-c889-470e-ba1e-7636dfd872fa,5014b6be-2963-4b3b-b322-61779503dfa8,Madison Monkey,ONE SIZE,13.0,2.0,32.5,In Stock,2024-01-13 10:11:45
fe3b193d-9751-424b-9ee5-0f1c7ec38e23,10011b6e-a3fe-486d-8a46-0119ea9df487,Ollivander the Orca,ONE SIZE,9.0,25.0,70.0,In Stock,2024-01-13 10:11:47
96a44ec0-94e2-4837-952a-77c226b560d5,e8a32705-1f4b-4393-9628-141e89909cb5,Oswald Orangutan,ONE SIZE,13.0,12.0,65.0,In Stock,2024-01-13 10:11:49
57615197-d9cd-4a6c-878b-19454b11f832,1336ce3b-ae98-4ce3-b5f5-a09c32a2a4e1,Personalised Bashful Luxe Bunny Willow Huge,HUGE,20.0,8.0,91.0,In Stock,2024-01-13 10:11:50
a1171946-7ea4-45e5-9ec9-4cc700219688,402a8461-e12f-45eb-b554-866205b74990,Personalised Bashful Luxe Bunny Rosa Medium,MEDIUM,12.0,5.0,41.0,In Stock,2024-01-13 10:11:52
bac77e68-c33c-4d9a-8ac5-5df393c8ac67,06cc99e7-094b-4ca4-b418-f502210df9d7,Personalised Bashful Luxe Bunny Willow Medium,MEDIUM,12.0,5.0,41.0,In Stock,2024-01-13 10:11:53
2ee7c835-d225-4951-863f-e21a566b89bf,200eae64-e04d-49c9-9cd7-0983810fa998,Personalised Lavender Dragon Huge,HUGE,7.0,26.0,126.0,In Stock,2024-01-13 10:11:55
0a80bf00-ab96-471c-9dc7-776221c47f19,0d2a3bbd-2659-4c2c-89b9-8f431363cd08,Pippa Black Labrador,ONE SIZE,9.0,4.0,33.0,In Stock,2024-01-13 10:11:57
dad9578a-62b7-4303-9bcd-cf0398f8aa02,1aa608fe-6b66-47f1-9987-7529bb11b6be,Quaxy Elephant,ONE SIZE,10.0,6.0,35.0,In Stock,2024-01-13 10:11:58
3ba76f66-2cdd-47d8-ba5b-4c1000a5da24,d9d9a82e-27f8-40de-ac47-467c52bf9188,Quaxy Pig,ONE SIZE,10.0,6.0,35.0,In Stock,2024-01-13 10:12:00
848f6877-0982-44fc-9c8f-1231ec1388d4,14d48edf-202e-4091-b828-2f3406d21ea5,Ramonda Ostrich,ONE SIZE,22.0,6.0,40.0,In Stock,2024-01-13 10:12:01
276255e7-0fa8-414a-8552-80a0d50a9b16,e13914f4-8837-49d3-9d9d-8ff616b5cd46,Rock-a-Bye Kitten,ONE SIZE,7.0,4.0,30.0,In Stock,2024-01-13 10:12:03
ea798d2c-211e-4dd5-b8cf-4214e2800bd3,b77c2a29-937a-4223-85a0-88885c2404ba,Sweetsicle Bunny,ONE SIZE,6.0,3.0,20.0,In Stock,2024-01-13 10:12:04
074f3f34-3c65-4a91-aaa7-64020e113abe,883ce09c-6f4f-4afb-86dd-712db61d04b8,Syd Salamander,ONE SIZE,10.0,4.0,27.5,In Stock,2024-01-13 10:12:06
edda7bb1-089d-4fbc-898c-3a761713ba6b,e35a85fc-04de-4afe-8145-94ded2aec85e,Bashful Hot Pink Bunny,MEDIUM,12.0,5.0,28.0,In Stock,2024-01-13 10:12:08
18c1949e-3afc-4ee1-9adb-53cef8517d6c,e35a85fc-04de-4afe-8145-94ded2aec85e,Bashful Hot Pink Bunny,SMALL,7.0,4.0,18.0,In Stock,2024-01-13 10:12:08
f046d870-0492-4876-b525-907d5b95cfaf,a2db68d2-19e9-4b73-bdcf-c46cfba36844,Bashful Sunshine Bunny,MEDIUM,12.0,5.0,28.0,In Stock,2024-01-13 10:12:11
6a37a5e9-5f27-4fd5-b61a-58c4ed3c1e95,a2db68d2-19e9-4b73-bdcf-c46cfba36844,Bashful Sunshine Bunny,SMALL,7.0,4.0,18.0,In Stock,2024-01-13 10:12:11
d8c7a6e0-72f3-41fc-8165-791c703dd3a6,8cebcf3e-b77d-4527-9e27-00b4d11a9d03,Goodnight Bunny Book,ONE SIZE,7.0,7.0,15.0,In Stock,2024-01-13 10:12:12
be33ac5e-7fa8-4c00-b610-03b3f376140a,5a3cd066-5f5e-46ac-82a9-2da7cdbea862,Bluebell Butterfly,ONE SIZE,8.0,13.0,33.0,In Stock,2024-01-13 10:12:14
5bfca0a9-cbb5-4e92-88bb-c1278f540fab,4f8737b0-489e-4501-a9b2-f41334cd3e02,Bonnie Bunny with Egg,ONE SIZE,6.0,3.0,23.5,In Stock,2024-01-13 10:12:15
48d1a62b-a93a-4a8b-8c6d-11ac29cf884b,480cdd70-eb32-4234-bd71-024f998803f8,Burly Boo Sheep,ONE SIZE,7.0,5.0,25.0,In Stock,2024-01-13 10:12:17
c7db7259-19c5-408d-87ce-f676ea80aba2,7811c71d-65e8-4366-aba5-9c18147eaf96,Cluny Cockerel,ONE SIZE,9.0,5.0,35.0,In Stock,2024-01-13 10:12:19
42f3f84d-bf4d-4eef-a079-50b0cdd7a570,8c3aaa37-13b8-4522-bb68-308cc39a1070,Escarfgot Purple,ONE SIZE,6.0,3.0,20.0,In Stock,2024-01-13 10:12:20
fbea294d-32bf-4058-a547-5d9367042a0c,19194d8b-93f4-4122-b3a8-30fb9321ba97,Escarfgot Pink,ONE SIZE,5.0,2.0,20.0,In Stock,2024-01-13 10:12:22
fa186a15-46f8-44a6-b411-5184869e74f9,bb464153-3ac3-4f37-a8bf-aa80594d1ce4,Bashful Hot Pink Bunny with Personalised Cream Jumper,MEDIUM,12.0,5.0,38.0,In Stock,2024-01-13 10:12:24
3a113f43-5637-4140-a2b8-e440c0047c53,cc2f804a-797a-4c0f-a40f-5c21c4c73aa1,Bashful Sunshine Bunny with Personalised Cream Jumper,MEDIUM,12.0,5.0,38.0,In Stock,2024-01-13 10:12:25
ebea34b0-dc66-4719-8ff7-a2b9c5c013b8,dec56c6c-ce95-4f82-9172-73d00912ee96,Bashful Hot Pink Bunny with Personalised Navy Jumper,MEDIUM,12.0,5.0,38.0,In Stock,2024-01-13 10:12:27
a74a6319-f26d-4099-bacc-a7512073b8ae,f228e0d7-59a2-4855-9f2c-2dd31433ead0,Bashful Sunshine Bunny with Personalised Navy Jumper,MEDIUM,12.0,5.0,38.0,In Stock,2024-01-13 10:12:29
6e66f07e-4840-4a67-b6d5-b1e843c62b1c,3407dfa7-3b57-425e-859e-8a43487c1792,Bashful Sunshine Bunny with Personalised Red Jumper,MEDIUM,12.0,5.0,38.0,In Stock,2024-01-13 10:12:31
2bdd9148-2c5f-411d-a1be-ede8f691f78d,616eff2c-3869-40e6-8fd1-0b35f9eca958,Layla Ladybird,ONE SIZE,3.0,6.0,25.0,In Stock,2024-01-13 10:12:32
3bdd92bd-c0d3-4128-8aae-6010877e2bf2,d3fa49ca-a927-4174-9666-eadaa5d2b933,Nesting Bunnies,ONE SIZE,4.0,6.0,35.0,In Stock,2024-01-13 10:12:34
818cf116-3b7e-4cbb-b9fb-1679c0a821ea,058775ea-95e7-4b96-92b1-6f878a87a184,Personalised Bashful Hot Pink Bunny Medium,MEDIUM,12.0,5.0,34.0,In Stock,2024-01-13 10:12:36
67c81f55-3a2f-4b38-8b52-5cd722b50b81,282eb0e4-a7f7-43a8-be00-4efacbd99c62,Personalised Bashful Sunshine Bunny Medium,MEDIUM,12.0,5.0,34.0,In Stock,2024-01-13 10:12:37
f7b272bb-cf2c-4e0e-bb9c-f734efae4713,9673affb-88ce-4466-b5d8-a9aa113047f4,Yummy Bunny Silver,ONE SIZE,6.0,4.0,20.0,In Stock,2024-01-13 10:12:39
f808d250-ee67-4e63-8914-a27381a9bc05,2fdd0068-5c21-4983-b8c4-76b2d0a8f533,Blossom Heart Blush Bunny,ONE SIZE,6.0,3.0,17.5,In Stock,2024-01-13 10:12:40
2b9f7145-1c17-4dde-bcec-9c4bebf3177c,5354bd6b-946d-4b49-aef2-c25793f02a8c,Blossom Heart Tulip Bunny,ONE SIZE,6.0,3.0,17.5,In Stock,2024-01-13 10:12:42
73c80f31-140c-4bef-8051-4b43f68c8c21,bd813e87-dc9c-4321-aca4-92e67241ec74,Crowning Croaker Green Frog,ONE SIZE,5.0,3.0,17.5,In Stock,2024-01-13 10:12:43
5b84102d-286f-4d15-a09a-2ee4d1005d28,e1ced6d1-8823-442b-8ab5-2674d4dd91fc,Love-Me Lobster,ONE SIZE,6.0,3.0,24.0,In Stock,2024-01-13 10:12:45
5067e053-b329-4d99-9b91-424ddf7cf6de,3d411d62-8541-471e-951a-34bdd8993452,Ambrosie Fox,ONE SIZE,9.0,5.0,35.0,In Stock,2024-01-13 10:12:47
7a0f9161-5b22-4329-a986-97fc9daa6aff,73c2984b-4d6d-4aec-9d68-171e4575ebf2,Ambrosie Hare,ONE SIZE,9.0,4.0,35.0,In Stock,2024-01-13 10:12:48
1683ded1-1ee3-4335-8371-5e36fe6a08ab,7845e376-5920-4bc4-9ea1-21ab7f0c0099,Anoraknid Black Spider,ONE SIZE,5.0,4.0,20.0,In Stock,2024-01-13 10:12:50
171b79d7-dc15-4b9e-832f-66b26fc9cafb,c8af2563-3018-481a-9a37-2822484e4d8b,Andie Axolotl,MEDIUM,11.0,5.0,32.5,In Stock,2024-01-13 10:12:52
235bddde-93c4-4dcd-b222-e235375c1ce5,c8af2563-3018-481a-9a37-2822484e4d8b,Andie Axolotl,SMALL,7.0,2.0,22.0,Out of stock,2024-01-13 10:12:52
9c23b05c-035d-4bbc-8670-f9863c78a550,2a8f1918-8ed6-4edc-a285-76dbe0a0d3b2,Bashful Golden Bunny,MEDIUM,12.0,5.0,28.0,In Stock,2024-01-13 10:12:54
bbf87553-bb50-4b2c-8e1d-dbd53de3a174,2a8f1918-8ed6-4edc-a285-76dbe0a0d3b2,Bashful Golden Bunny,SMALL,7.0,4.0,18.0,In Stock,2024-01-13 10:12:54
6bc6c761-451e-409b-a03f-37cf5009f84b,e3fa3462-fde3-4b80-97ba-43597b957365,Bashful Mineral Blue Bunny,MEDIUM,12.0,5.0,28.0,In Stock,2024-01-13 10:12:56
341e1c35-6a44-4e49-b0bd-2da548ae2647,e3fa3462-fde3-4b80-97ba-43597b957365,Bashful Mineral Blue Bunny,SMALL,7.0,4.0,18.0,Out of stock,2024-01-13 10:12:56
19eae3c4-25f7-490c-9149-111788c422d6,5c6af1c9-6854-4464-bfff-6213527d6ee1,Bashful Wolf,MEDIUM,12.0,5.0,28.0,In Stock,2024-01-13 10:12:58
7b1aa497-3edd-406a-9242-0f65a7a95c48,a919b283-ac71-4169-bd90-f112d1b0b1b9,Wrapabat Black,ONE SIZE,6.0,2.0,20.0,In Stock,2024-01-13 10:13:00
776353e0-1c79-46d5-8150-739225279444,4480443e-8f85-488c-ade5-3c1e5e0b7323,Beatnik Buddy Poodle,ONE SIZE,11.0,3.0,28.0,In Stock,2024-01-13 10:13:01
f316093f-030f-4b06-a330-b5fe0c888f3c,f72b2ee5-e8a2-4377-8314-2061ea67f030,Beatnik Buddy Sausage Dog,ONE SIZE,11.0,3.0,28.0,In Stock,2024-01-13 10:13:03
17f90b60-e9b1-400f-a6c6-213bd03aa833,a91b8274-5f69-4abf-8ace-fd2b30e5a24e,Daddy Loves Me Book,ONE SIZE,6.0,6.0,20.0,In Stock,2024-01-13 10:13:04
77b51395-f469-4c4d-b1a2-3459ed8f1bb8,7f03278e-6ca6-4416-882e-b7022e6881d5,Mummy Loves Me Book,ONE SIZE,6.0,6.0,20.0,In Stock,2024-01-13 10:13:06
6c02844f-b768-4349-a4bc-c3a41444f92d,7e6857f4-6916-4c82-a6a7-f3f2f3130eda,Backpack Wolf,ONE SIZE,9.0,4.0,30.0,In Stock,2024-01-13 10:13:08
02d97a1f-6b3c-48f5-a076-06346493c593,35b2c695-86b1-4e52-a27d-b58b020cdce5,Big Spottie Unicorn,ONE SIZE,17.0,6.0,75.0,In Stock,2024-01-13 10:13:09
1d905e47-903b-4bcd-b500-c44be5ac8edc,457b9419-a3e9-454e-9e68-987a7f9ec98b,Cozy Crew Seahorse,ONE SIZE,7.0,2.0,25.0,In Stock,2024-01-13 10:13:11
16f9043b-727c-4cfe-b0ad-1ab1b16d692b,be10d64c-a5df-480b-bfff-177cf7a436a3,Davey Dilophosaurus,ONE SIZE,11.0,5.0,32.5,In Stock,2024-01-13 10:13:12
54b2f7fb-2337-42d2-971e-f609806947fb,d4b604d1-7c9e-4566-af8c-654429643204,Delano Dorado Fish,ONE SIZE,5.0,10.0,27.5,In Stock,2024-01-13 10:13:14
4f267f27-96fa-49bf-8549-b36320038485,d2814aa5-968a-40d3-a06e-0057f2e7ff0a,Evelyn Swan,ONE SIZE,19.0,6.0,40.0,In Stock,2024-01-13 10:13:15
3cf36231-472c-4bd2-98f6-6f95c8417f51,6c8a1d4f-00aa-4079-bba1-8d027e8a7541,Fishiful Blue,ONE SIZE,5.0,6.0,17.5,In Stock,2024-01-13 10:13:17
fb962cf3-534a-4c74-9596-a5f641036ab7,22a9107e-4bbe-4459-947c-e637e74046bd,Fishiful Orange,ONE SIZE,5.0,6.0,17.5,In Stock,2024-01-13 10:13:19
17339591-c793-4cbe-85ac-a06d04d9b726,54437cb0-b9d7-447b-8795-6524264c6cf3,Fishiful Pink,ONE SIZE,5.0,6.0,17.5,In Stock,2024-01-13 10:13:20
877cd364-1703-4a82-ab5e-5a63f3d56606,85d78554-e9b4-4f2d-adef-ca91e6692657,Forest Fauna Bear,ONE SIZE,7.0,6.0,32.5,In Stock,2024-01-13 10:13:22
e2af78ca-43b3-4b43-8b26-993d2d44c3e2,908e55ec-8b9e-40af-9726-9ec6837de7bb,Forest Fauna Frog,ONE SIZE,8.0,4.0,32.5,In Stock,2024-01-13 10:13:23
1c7e6a3a-f028-4c50-840b-d580c5552be6,ed8ac459-bc9f-4125-b23c-ee082319002e,Forest Fauna Owl,ONE SIZE,7.0,4.0,32.5,In Stock,2024-01-13 10:13:25
1673b006-ab0e-4e0f-95e8-93fb72335c0f,3efdc071-4af1-4331-854e-7d46ba99dc03,Freddie Sausage Dog,LARGE,7.0,7.0,30.0,Out of stock,2024-01-13 10:13:27
2b32ca2c-3329-4622-b40b-29677d8f9e30,3efdc071-4af1-4331-854e-7d46ba99dc03,Freddie Sausage Dog,SMALL,5.0,7.0,22.0,In Stock,2024-01-13 10:13:27
377dad07-8c6c-47fc-b163-e630c8ec59df,2e43ce6d-4efa-46c3-9e0e-918ab627c963,Gilbert the Great Blue Whale,ONE SIZE,7.0,22.0,85.0,In Stock,2024-01-13 10:13:28
399c8f61-bc43-48f1-9b70-cf14ae61be5b,fd9e0476-1e7b-45fd-9df4-a1714e11f46a,Glamorama Cat,ONE SIZE,16.0,4.0,40.0,In Stock,2024-01-13 10:13:30
2c5bb795-4f62-4277-8121-7643029324f1,7043c9b8-2d0f-4dd3-b8bd-95ec7e56c74d,Glamorama Pig,ONE SIZE,11.0,6.0,40.0,In Stock,2024-01-13 10:13:32
00f7c5c7-8ea7-46ba-a1f7-55fb6837f24b,4f18a870-4b7d-41cf-b9f5-6632011df9e4,Grizzo Gremlin,ONE SIZE,11.0,4.0,35.0,In Stock,2024-01-13 10:13:33
9e7a0495-04f1-4a96-bce4-581bc5d5c15e,d8c5b1b3-8a62-44de-86b5-8f637dce4e31,Hamish Hedgehog,ONE SIZE,8.0,16.0,75.0,In Stock,2024-01-13 10:13:35
c19922a1-82d8-426c-848d-a5204e1afaf7,bf19a33e-4a68-47e9-805e-ee3b38a2f7c2,Humphrey the Humpback Whale,ONE SIZE,8.0,20.0,85.0,In Stock,2024-01-13 10:13:37
eb3c4c89-963d-4af8-8e9b-50f8880dd6c4,e1bcac5b-9360-41fd-9893-3cb82c86f53a,Bashful Golden Bunny with Personalised Cream Jumper,MEDIUM,12.0,5.0,38.0,In Stock,2024-01-13 10:13:39
7db3e6ff-046c-4e45-b19a-30b8b7eeb4a0,334ac6c5-14f3-4d57-88a5-7528e62caff4,Bashful Mineral Blue Bunny with Personalised Cream Jumper,MEDIUM,12.0,5.0,38.0,In Stock,2024-01-13 10:13:40
2a3d68d7-ba37-4f30-b32a-6cf609e5bdb9,e28c930a-995e-4ed8-8f70-4330081757db,Bashful Golden Bunny with Personalised Navy Jumper,MEDIUM,12.0,5.0,38.0,In Stock,2024-01-13 10:13:42
44a25f44-e7be-4ff4-8bda-d316120c7c65,5cd13a67-76f2-474e-805f-6e10c019927e,Bashful Mineral Blue Bunny with Personalised Navy Jumper,MEDIUM,12.0,5.0,38.0,In Stock,2024-01-13 10:13:44
73f79bb3-0261-4368-9352-166bc7f57c83,36bc4e11-1f60-4cf9-81aa-7c46d4c471b2,Bashful Golden Bunny with Personalised Red Jumper,MEDIUM,12.0,5.0,38.0,In Stock,2024-01-13 10:13:46
9afa9f6b-f3d6-4e59-94fd-566c08c78c29,2adf85a3-7553-46ba-85fa-9b14921911e1,Bashful Mineral Blue Bunny with Personalised Red Jumper,MEDIUM,12.0,5.0,38.0,In Stock,2024-01-13 10:13:48
374b87ff-4833-45b1-b7f4-2f3613fe1885,2a6750a7-8aeb-449a-8874-0e5756e78960,Bashful Wolf with Personalised Red Jumper,MEDIUM,12.0,5.0,38.0,In Stock,2024-01-13 10:13:50
6f0d57d4-b6ad-4d2a-a97d-d5308777f2b9,b54f7e99-cdf6-4422-ab1f-5f3c46f12d75,Little Tiger,ONE SIZE,7.0,4.0,22.0,In Stock,2024-01-13 10:13:51
d74db66a-775c-4a67-87f4-b5a9cff1fc15,ffb4d4ca-9c99-475c-9339-63da07e727a1,Letty Jellyfish,ONE SIZE,23.0,6.0,39.5,In Stock,2024-01-13 10:13:53
6ba5e96b-ce3a-43b5-919a-1f1fe784b464,8fba3531-d292-46da-866d-09538f9ad925,Napping Nipper Dog,ONE SIZE,4.0,6.0,25.0,In Stock,2024-01-13 10:13:54
7763b404-a20b-49cd-9c7d-999d510ea488,8c667d2a-746a-40b8-9782-c7d18d001d9c,Nippit Beaver,ONE SIZE,5.0,3.0,15.0,In Stock,2024-01-13 10:13:56
93e1d239-5d16-422f-93f2-3254a708d508,944ca466-0501-44a0-a29f-39df5dd5f186,Nippit Owl,ONE SIZE,5.0,3.0,15.0,In Stock,2024-01-13 10:13:57
3b0deeb0-6af3-4b27-804e-dd783941d264,ba72889f-25fb-40a9-9b55-217aef2ea3af,Oakley Owl,ONE SIZE,9.0,5.0,32.5,In Stock,2024-01-13 10:13:59
a08c357b-7200-4df0-bcff-4bdb86251489,c53473db-ba8a-4899-a4b6-4c3c9b4ad99c,Oberon Owl,ONE SIZE,10.0,5.0,30.0,In Stock,2024-01-13 10:14:00
528b379a-c3d8-492f-afe6-34b1c1ba26c4,3cd5b4e0-4618-4f7e-98b5-e38416c15258,Pongo Orangutan,HUGE,23.0,7.0,65.0,In Stock,2024-01-13 10:14:02
c2ae8cc5-3b12-44d7-b280-da6ca3ec1829,1396d0bd-9b39-4763-adf5-c2b44db62f81,Otto Sausage Dog,HUGE,11.0,13.0,75.0,Out of stock,2024-01-13 10:14:04
480958fa-ec1f-4df5-b0a7-808add2c226c,1396d0bd-9b39-4763-adf5-c2b44db62f81,Otto Sausage Dog,LARGE,7.0,7.0,30.0,More on the way,2024-01-13 10:14:04
d28cdf27-cae6-4e76-9e1f-cc7d1984fa15,1396d0bd-9b39-4763-adf5-c2b44db62f81,Otto Sausage Dog,SMALL,5.0,7.0,22.0,In Stock,2024-01-13 10:14:04
03e6a8c4-0887-4756-a5f4-83b39bbcc8b6,f4749fe0-fe82-42ec-8d1a-5f580ea2d776,Personalised Bashful Golden Bunny Medium,MEDIUM,12.0,5.0,34.0,In Stock,2024-01-13 10:14:06
2fc9507c-e653-4e1b-a05a-c3b25a01aff3,02cad935-33d9-4372-abec-f7377e3c8613,Personalised Bashful Mineral Blue Bunny Medium,MEDIUM,12.0,5.0,34.0,In Stock,2024-01-13 10:14:08
7c259663-bc3c-47a7-b6e4-fabdd2264063,2f6e2459-31a6-4f5f-a218-2c71a77d0202,Pip Monster,SMALL,9.0,4.0,22.5,In Stock,2024-01-13 10:14:09
c7830024-9561-42af-a2b3-bc0d23e6161e,bd46025a-29c5-4450-8f37-6357f4fac4e1,Rock-a-Bye Mouse,ONE SIZE,7.0,4.0,30.0,In Stock,2024-01-13 10:14:11
ab7105d9-e8a5-4260-a8bb-b1f900d061bd,6c2e3624-ed4d-4e54-ba92-e8de2420afec,Sweater Sausage Dog Pink,ONE SIZE,6.0,3.0,32.5,In Stock,2024-01-13 10:14:13
eff0144e-cf19-417a-a510-b45b0c960ec9,f035d769-e6e1-430c-bc22-9efb4b19bde2,Sweater Sausage Dog Yellow,ONE SIZE,6.0,3.0,32.5,In Stock,2024-01-13 10:14:14
60d2fc19-2dcf-40f0-a06c-1bbf8f29f4e1,466beba6-595a-4f27-9c76-b94b92add458,Seraphina Pegasus,ONE SIZE,9.0,20.0,68.5,In Stock,2024-01-13 10:14:16
0530bc1b-e0c8-4866-a020-34c5b7ae15e0,6231ecd5-9925-4449-8ecf-ad0b04e32258,Sigmund Seal,ONE SIZE,7.0,13.0,50.0,In Stock,2024-01-13 10:14:17
8cc91e5b-50c4-42c4-9a9d-c69801acf10c,711fc379-741a-4e92-8915-1641c7f06167,Snoozling Hedgehog,ONE SIZE,11.0,6.0,36.0,In Stock,2024-01-13 10:14:19
c7939b1c-fd24-47c6-af8b-6669fe3b75f6,14b79a18-d640-41e2-a6ca-d1e143c8f042,Spindleshanks Crab,ONE SIZE,3.0,15.0,33.0,In Stock,2024-01-13 10:14:20
dd423366-fd2e-4531-83d8-603492b885a5,832de744-138e-4c16-b4af-a770373f7fa3,Splootie Elephant,ONE SIZE,7.0,22.0,68.0,In Stock,2024-01-13 10:14:22
468617b1-42d3-4669-94be-bf9a9ea898bb,f2a59b78-ead1-4e08-bebf-28697c55d085,Birdling Robin,ONE SIZE,4.0,3.0,17.0,In Stock,2024-01-13 10:14:23
5605a86f-3756-424d-9458-68abbe73ea4c,a165697a-6cc4-4abc-87c6-941f4ea5979b,Shimmer Stocking Bunny,ONE SIZE,8.0,4.0,28.5,In Stock,2024-01-13 10:14:25
5ee18052-bd8f-4ca8-8fb6-0bba72892e87,7746c20c-52fe-4a35-bc41-e573546bb025,Ambalie Bear,ONE SIZE,9.0,6.0,30.0,In Stock,2024-01-13 10:14:27
5d8c6058-6abc-4ebf-b8fc-2fc377326ea2,1f57b889-aada-413d-bc6f-3bc6b6d7a433,Ambalie Bunny,ONE SIZE,9.0,6.0,30.0,In Stock,2024-01-13 10:14:28
2b60574d-e81d-4d72-ac55-f1779b6b0722,ed1aaca9-a2bb-4f23-b24a-de5d3e2cc974,Bashful Zebra,MEDIUM,12.0,5.0,28.0,In Stock,2024-01-13 10:14:30
3734501e-bf7f-4254-aea8-77faf716882e,e76417ec-dcea-4f44-8377-19f8ad98b5d2,If I Were An Owl Book,ONE SIZE,6.0,6.0,13.5,In Stock,2024-01-13 10:14:31
f3f3fa3d-3bac-4e18-b77e-037fa200fb2c,0bc699b4-d225-4d07-8bd5-57e657fb888d,Betty Corgi,HUGE,13.0,13.0,75.0,More on the way,2024-01-13 10:14:33
cf3ea8f8-abd8-4071-a2c9-b4335d9465fe,0bc699b4-d225-4d07-8bd5-57e657fb888d,Betty Corgi,MEDIUM,7.0,10.0,30.0,In Stock,2024-01-13 10:14:33
f8dd15dd-c262-49b8-bf95-dc6deeca0adf,04f4e48f-28d7-42ab-8c44-e810e0c3d467,Big Spottie Giraffe,ONE SIZE,19.0,6.0,75.0,In Stock,2024-01-13 10:14:35
d42b1603-4416-4425-9777-ac50005bb788,9fd6db13-4322-4992-a421-782d536cb45b,Big Spottie T-Rex,ONE SIZE,18.0,6.0,75.0,In Stock,2024-01-13 10:14:36
9d939689-fa0c-441f-8d29-6a697238e663,bbb347fc-9ff0-4f90-9b61-2f6084869f73,Cruz Crested Newt,ONE SIZE,12.0,4.0,32.5,In Stock,2024-01-13 10:14:38
120258c8-e255-4e63-a8bb-1797b2e1ae42,148e3a7d-6947-45f5-a296-f71abc19efff,Cooper Doodle Dog,ONE SIZE,9.0,8.0,33.0,In Stock,2024-01-13 10:14:39
724f5ddf-0dca-4f57-96d3-a29d88acd9d8,b522aa98-02df-4ba2-a937-4e4adcb13eea,Flumpie Frog,ONE SIZE,7.0,5.0,28.0,In Stock,2024-01-13 10:14:41
a16fbbb1-fe95-484d-8e0e-f3b4d16c06ea,0cd92d17-975a-400d-a3b0-1097b1b81c4f,Happihoop Owl,ONE SIZE,8.0,4.0,32.0,In Stock,2024-01-13 10:14:42
1aeb263f-2170-4240-ae69-eaf043fb9cd7,59e8476c-2742-4d50-b080-31958c501b37,Harper Pup,ONE SIZE,15.0,9.0,55.0,In Stock,2024-01-13 10:14:44
84602b75-440c-4cab-a861-e8c9d45b4f5a,f3535de2-ef4e-45d9-9cda-fc4800dbaff2,Hibernating Bunny,ONE SIZE,5.0,5.0,22.0,In Stock,2024-01-13 10:14:45
e3accac0-b2a6-4cd7-b333-d9f7141cef70,cc0245b5-4041-4acf-8ea1-fdbcaa61d0f9,Huddles Bunny,ONE SIZE,9.0,6.0,45.0,In Stock,2024-01-13 10:14:47
02f8d56c-5a9d-492f-81f3-1967c2205323,d1348f49-3a2e-40d3-8394-5f18e85ac0ae,Huddles Duck,ONE SIZE,9.0,6.0,45.0,In Stock,2024-01-13 10:14:49
1f480570-8120-4ee9-b216-d021498e8188,7a341250-f55b-4b1b-b4a1-7a506880065b,Jubjub Gookie,ONE SIZE,9.0,4.0,30.0,In Stock,2024-01-13 10:14:51
36402d68-8c4e-4a0b-b307-18158446fee4,525a9de4-3c81-4121-9d26-5b88ea49ae57,Mack Mudskipper,ONE SIZE,10.0,4.0,28.5,In Stock,2024-01-13 10:14:52
1fcbf50a-e7ac-4172-a837-bc9102615964,652e00a2-da87-4812-84ea-898ccdd9d684,Obbie Octopus,ONE SIZE,11.0,10.0,40.0,In Stock,2024-01-13 10:14:55
d12ddc45-e09e-4bbb-ac96-1f4632babb8a,bd2cc879-9429-46df-ba13-7d903be136f3,Orson Horse,ONE SIZE,14.0,5.0,35.0,In Stock,2024-01-13 10:14:57
d89c2e8a-cad6-4f34-ae66-94ebfad563a7,6119291a-b0ea-40a9-a098-31fa81f0c1b7,Peek-a-Boo Elly Activity Toy,ONE SIZE,6.0,5.0,32.0,In Stock,2024-01-13 10:14:58
2d850158-0f35-4293-87bf-73a3c5342976,76ad9761-918d-4974-b7f1-46af8c537add,Penny Praying Mantis,ONE SIZE,9.0,8.0,32.5,In Stock,2024-01-13 10:15:00
87761c50-00e8-4dfb-a8ab-cb62671352f8,ae18e6b4-47ac-4c57-9697-f317339aeffe,Ribble Dog,ONE SIZE,14.0,4.0,30.0,In Stock,2024-01-13 10:15:03
88259cb1-2a42-41cd-a028-9b4ab4369d38,35fa49a5-8dd6-462b-a03d-08529327db24,Ribble Elephant,ONE SIZE,15.0,4.0,30.0,In Stock,2024-01-13 10:15:05
325ebc44-48a1-44e7-adb0-cc2b17fc8e2a,ec1fdd65-b233-46c3-aa19-e761b591a8bd,Ribble Giraffe,ONE SIZE,16.0,4.0,30.0,In Stock,2024-01-13 10:15:07
ae9463a1-b5b8-4847-9ceb-a2dd3f92a892,2ac0988a-a1c9-414b-9dcf-f7b8a29db3b2,Rose Dragon,HUGE,7.0,26.0,120.0,In Stock,2024-01-13 10:15:09
ede1120c-fe5e-4d29-a40d-1dfee96ccf2d,2ac0988a-a1c9-414b-9dcf-f7b8a29db3b2,Rose Dragon,MEDIUM,5.0,20.0,65.0,In Stock,2024-01-13 10:15:09
5948d567-22bd-4d50-8f15-5491e31cfebe,2ac0988a-a1c9-414b-9dcf-f7b8a29db3b2,Rose Dragon,LITTLE,3.0,12.0,32.5,In Stock,2024-01-13 10:15:09
15d59e2d-8605-4c1b-8dcb-ac8c5f64c382,8ae4c280-0a8c-4fb6-8ffd-bd9066d4ef4c,Ricky Rain Frog,LARGE,10.0,12.0,60.0,In Stock,2024-01-13 10:15:11
dc7bd404-1ff2-4327-afe5-c643b7229103,8ae4c280-0a8c-4fb6-8ffd-bd9066d4ef4c,Ricky Rain Frog,MEDIUM,5.0,7.0,28.0,More on the way,2024-01-13 10:15:11
917e5ffd-b3a3-480f-8849-100ae4a00072,438d501b-2395-4b59-9fd1-6349cd36fb91,Rufus Bear,LARGE,15.0,5.0,45.0,In Stock,2024-01-13 10:15:13
192924b9-6645-4f0b-aaff-b85deb759275,438d501b-2395-4b59-9fd1-6349cd36fb91,Rufus Bear,MEDIUM,11.0,4.0,27.5,In Stock,2024-01-13 10:15:13
553823c6-ec08-4370-abb4-3cb70e84c650,7a8d1755-22d7-4a99-aece-a755664e0244,Snuggler Puppy,ONE SIZE,9.0,5.0,25.0,In Stock,2024-01-13 10:15:15
81fb0e87-6a4a-44f4-b0d5-bebfa70c48af,5f3293cf-8b20-454d-ae1d-d18b810520c0,Taylor Tiger,LARGE,6.0,18.0,80.0,More on the way,2024-01-13 10:15:18
15bed8a4-12ef-42bf-9890-cf6bf6e85160,5f3293cf-8b20-454d-ae1d-d18b810520c0,Taylor Tiger,LITTLE,3.0,11.0,35.0,In Stock,2024-01-13 10:15:18
a5dee63d-bc75-4810-8fa3-e801293e6952,6fb120c1-2ba4-4c78-b0a1-5d7d09e52dc4,Willow Hedgehog,ONE SIZE,7.0,4.0,23.5,In Stock,2024-01-13 10:15:20
3cf6ec81-26bf-4c15-bf94-8849be063893,1931456d-0333-42ba-a28e-316038b9bb8b,Wriggidig Ant,ONE SIZE,5.0,6.0,23.5,In Stock,2024-01-13 10:15:22
542b8db2-7e5b-4480-9725-26ea0f882744,965f926a-92e1-4d0a-9243-63280272a99f,Wriggidig Bug,ONE SIZE,7.0,2.0,23.5,In Stock,2024-01-13 10:15:24
fa471f82-f77a-4c96-96f6-a0b371296009,c8ae3fd6-2ea3-437c-8dcf-f094a55dcca9,Bashful Lilac Bunny,MEDIUM,12.0,5.0,28.0,In Stock,2024-01-13 10:15:28
969173a6-18eb-4d3d-b890-c53b48eb61ca,c8ae3fd6-2ea3-437c-8dcf-f094a55dcca9,Bashful Lilac Bunny,SMALL,7.0,4.0,18.0,Out of stock,2024-01-13 10:15:28
826afa72-b6b0-4171-8fa2-cd838d3a114e,73194fda-7214-4b2e-b98b-512f1dc06fd7,Bashful Fudge Bunny,MEDIUM,12.0,5.0,28.0,More on the way,2024-01-13 10:16:04
7282730e-4f33-4668-a205-447a1e4f0f01,73194fda-7214-4b2e-b98b-512f1dc06fd7,Bashful Fudge Bunny,SMALL,7.0,4.0,18.0,In Stock,2024-01-13 10:16:04
c20bbc7c-606f-4c21-bb55-4b3fc9625e81,4aaa8974-e604-4f0d-aaaf-144331c9e287,Who Can I Find Book,ONE SIZE,7.0,7.0,15.0,In Stock,2024-01-13 10:16:05
460a0031-9c2e-4d55-b2a6-531855d1c8fc,3a08c3be-5a1f-4a20-b117-199dedcc7e64,Blossom Sage Bunny,MEDIUM,12.0,5.0,28.0,In Stock,2024-01-13 10:16:07
dd83cd1e-f2a9-40f8-b455-21ef5fb42e4e,3a08c3be-5a1f-4a20-b117-199dedcc7e64,Blossom Sage Bunny,SMALL,7.0,4.0,18.0,More on the way,2024-01-13 10:16:07
3b6474e4-4d2f-45c2-885d-919c28df7035,f5db86b1-bb93-48b7-bc7a-2900af8279a0,Blossom Jasmine Bunny,MEDIUM,12.0,5.0,28.0,In Stock,2024-01-13 10:16:10
7e61f7ea-d918-496a-8901-a770976c2486,f5db86b1-bb93-48b7-bc7a-2900af8279a0,Blossom Jasmine Bunny,SMALL,7.0,4.0,18.0,Returning to stock 2-3 months,2024-01-13 10:16:10
b704dad2-487b-4514-b0b4-05265d4ef27b,596cb182-6075-4997-b1b9-2998df3afb93,Bashful Lilac Bunny with Personalised Cream Jumper,MEDIUM,12.0,5.0,38.0,In Stock,2024-01-13 10:16:13
3bb51275-2660-4a76-9973-bd54d5fb6b53,af3e698f-2243-45f9-beb7-854a96b3f868,Bashful Petal Bunny with Personalised Cream Jumper,MEDIUM,12.0,5.0,38.0,In Stock,2024-01-13 10:16:15
d70734f6-f536-4605-bc70-3dc7d30f3051,936a1d22-9072-4080-ada1-638c58f6fa3d,Blossom Sage Bunny with Personalised Cream Jumper,MEDIUM,12.0,5.0,38.0,In Stock,2024-01-13 10:16:17
13c2a802-6ea8-470a-b0f5-77522d590bd8,962ac838-0e4c-412d-929e-7be8573b880f,Blossom Jasmine Bunny with Personalised Cream Jumper,MEDIUM,12.0,5.0,38.0,In Stock,2024-01-13 10:16:19
70335b82-1049-463d-8b15-2793ea9d85ba,6a61a831-4682-4fdf-9182-2ba428d27a58,Bashful Lilac Bunny with Personalised Navy Jumper,MEDIUM,12.0,5.0,38.0,In Stock,2024-01-13 10:16:22
d07aa2da-2634-4c4b-a07f-67e6209d709b,f07a379e-a23c-4c1e-898d-7896b873ea1a,Bashful Petal Bunny with Personalised Navy Jumper,MEDIUM,12.0,5.0,38.0,In Stock,2024-01-13 10:16:24
cbfcd343-50d6-44a7-a221-c04c267221c1,84836cdc-60d3-489e-bd9f-c5d4ebfabe82,Blossom Sage Bunny with Personalised Navy Jumper,MEDIUM,12.0,5.0,38.0,In Stock,2024-01-13 10:16:27
7e3b3ef2-b515-4ce7-abef-da0533e1369b,63c2b490-ede8-421c-9505-98b92819e096,Blossom Jasmine Bunny with Personalised Navy Jumper,MEDIUM,12.0,5.0,38.0,In Stock,2024-01-13 10:16:30
27317f6d-60be-4120-bdea-d1e8b032f103,85b56293-3fda-488a-b057-da77bf559a21,Bashful Lilac Bunny with Personalised Red Jumper,MEDIUM,12.0,5.0,38.0,In Stock,2024-01-13 10:16:32
4b505833-8931-47e0-b477-3a9d92a33d01,ed031fa9-2ac8-452c-92e5-142e2d8ed92d,Bashful Petal Bunny with Personalised Red Jumper,MEDIUM,12.0,5.0,38.0,In Stock,2024-01-13 10:16:34
cee72c3d-8ba5-4529-9bfd-5e3dd69b4153,ff2ba2bf-d1b5-4a10-9a11-a60f2b76e410,Blossom Sage Bunny with Personalised Red Jumper,MEDIUM,12.0,5.0,38.0,In Stock,2024-01-13 10:16:36
5611aa2e-3bc8-4dbc-8a43-a22b80642c4d,9ac3150c-41a7-49e7-9576-b6f01765e79f,Blossom Jasmine Bunny with Personalised Red Jumper,MEDIUM,12.0,5.0,38.0,In Stock,2024-01-13 10:16:38
1d337eb1-90a3-4ba0-be3b-f4e3934dd01f,72068ff2-05bd-4d6b-9563-272deade8abb,Personalised Bashful Lilac Bunny Medium,MEDIUM,12.0,5.0,34.0,In Stock,2024-01-13 10:16:40
55eec6d4-0e4d-48d3-8f93-86c594548b0f,23e988c3-5442-48db-9d45-3bfd6b7727f1,Personalised Bashful Petal Bunny Medium,MEDIUM,12.0,5.0,34.0,In Stock,2024-01-13 10:16:42
3f456e55-83a6-4d14-a27b-98850eb4916f,8b04c5be-d6b3-4308-862f-d2fa4582e1d1,Alice Axolotl,MEDIUM,11.0,5.0,32.5,More on the way,2024-01-13 10:16:44
ae1e3bcc-048e-4631-b6f0-77a448b9604e,8b04c5be-d6b3-4308-862f-d2fa4582e1d1,Alice Axolotl,SMALL,7.0,2.0,22.0,In Stock,2024-01-13 10:16:44
3ae436c2-bbff-49ad-bd05-a6d5ed32e57d,ed19e678-b0d5-4293-a111-9929063da830,Bashful Shimmer Bunny,MEDIUM,12.0,5.0,28.0,In Stock,2024-01-13 10:16:47
bbe5051c-f7d3-4e71-bc03-13d551cd4029,ed19e678-b0d5-4293-a111-9929063da830,Bashful Shimmer Bunny,SMALL,7.0,4.0,18.0,In Stock,2024-01-13 10:16:47
e5ebce5a-53d5-4b81-bece-c5db23dfa37a,abcc692f-3638-47c4-ba6e-9d82256e8165,If I Were A Pony Book,ONE SIZE,6.0,6.0,13.5,In Stock,2024-01-13 10:16:48
d3681aa1-6c31-44f0-98fc-cfe5b29072f6,f3ad5b9e-ce0b-4fd8-ad21-92b20984b17a,Blossom Bea Beige Bunny Comforter,ONE SIZE,10.0,9.0,17.0,In Stock,2024-01-13 10:16:50
6d7a9efd-83d9-415e-9ab1-9a8844253f6c,f90ac61e-2ea7-49de-8033-fa204aa197f6,Cozy Crew Octopus,ONE SIZE,8.0,4.0,25.0,In Stock,2024-01-13 10:16:52
ae39529d-fc68-4142-9e62-9429740f58bf,74bd67f2-7711-441a-b16b-0c02d40d0158,Fossilly Stegosaurus,MEDIUM,6.0,5.0,38.0,In Stock,2024-01-13 10:16:54
01137c06-0fbc-4ff2-adca-a4e51817ed59,74bd67f2-7711-441a-b16b-0c02d40d0158,Fossilly Stegosaurus,SMALL,3.0,2.0,15.0,More on the way,2024-01-13 10:16:54
85e9653a-cd39-4b3b-8554-a7d434d3a14d,8696f3f1-89ce-4373-a59d-09c5956b87ad,Fuddlewuddle Lion Soother,ONE SIZE,13.0,13.0,25.0,In Stock,2024-01-13 10:16:56
6311c653-d8fe-4404-84ed-b6335a65848f,b5b11a11-9f0a-42e3-91be-eec7c9e20755,Bashful Shimmer Bunny with Personalised Cream Jumper,MEDIUM,12.0,5.0,38.0,In Stock,2024-01-13 10:16:58
79dab998-1381-4fe5-b4ed-f556748f0853,9650e96c-09e6-4d84-b2cb-78ed88b66078,Bashful Inky Bunny with Personalised Navy Jumper,MEDIUM,12.0,5.0,38.0,In Stock,2024-01-13 10:17:01
35cdfe5b-619c-41aa-b560-63ae35b52fea,f864ab4d-d390-4263-8559-0bf0346c9689,Bashful Shimmer Bunny with Personalised Navy Jumper,MEDIUM,12.0,5.0,38.0,In Stock,2024-01-13 10:17:03
51f7daae-3792-4e44-96cf-30506b7a96b2,dd7b257c-b86a-46d5-bf3f-71ef36350717,Bashful Inky Bunny with Personalised Red Jumper,MEDIUM,12.0,5.0,38.0,In Stock,2024-01-13 10:17:05
43f09a5f-ba1b-4c14-95f7-0df6df8b7d12,e18dfbb2-1368-485f-8632-89b6e63b4a8e,Bashful Shimmer Bunny with Personalised Red Jumper,MEDIUM,12.0,5.0,38.0,In Stock,2024-01-13 10:17:07
a821587a-0c68-4a00-b6d6-7b89e0a204ab,804b3057-afe5-4cea-9a90-b8727412af09,Lingley Bunny Soother,ONE SIZE,11.0,7.0,20.0,In Stock,2024-01-13 10:17:08
70e90db8-9246-42c2-b2cb-a1fbd736b3a2,d34d9cdb-af7a-48b3-9d56-afd0b476572a,Lingley Elephant Soother,ONE SIZE,11.0,7.0,20.0,In Stock,2024-01-13 10:17:10
cbffea7f-604a-4cdc-a9a8-5e5fca808de3,81f2b2fe-2116-40a3-b8b8-2c50b73c2f95,Tartan Lottie Bunny,ONE SIZE,11.0,4.0,27.5,In Stock,2024-01-13 10:17:11
8584664b-715c-49ff-954d-6371c1097d32,4c5582fb-732c-43ec-a8f4-441486b86526,Onyx Dragon,HUGE,7.0,26.0,120.0,Out of stock,2024-01-13 10:17:13
9df4ff90-43aa-4e90-9d03-4691ffed166b,4c5582fb-732c-43ec-a8f4-441486b86526,Onyx Dragon,MEDIUM,5.0,20.0,65.0,In Stock,2024-01-13 10:17:13
1f7c5345-ebad-40e2-acc9-aa4c04aff1a4,4c5582fb-732c-43ec-a8f4-441486b86526,Onyx Dragon,LITTLE,3.0,12.0,32.5,More on the way,2024-01-13 10:17:13
d0689f90-9e7d-46bb-91dd-02903b996323,6dc7f857-2ac9-45aa-80de-19ea6c1f81e6,Personalised Bashful Shimmer Bunny Medium,MEDIUM,12.0,5.0,34.0,In Stock,2024-01-13 10:17:15
45f0b26f-ccc2-4fcf-8e45-8e18d714779a,9a73ba29-7e31-41b9-9c2a-ee5c057d9fef,Personalised Fuddlewuddle Lion Soother,ONE SIZE,13.0,13.0,31.0,In Stock,2024-01-13 10:17:18
473ce84b-b556-4fe4-900a-f1084bb0ac88,b12d2a7f-4781-40c8-ad95-93bc9f39d2f0,Personalised Snow Dragon Huge,HUGE,7.0,26.0,126.0,In Stock,2024-01-13 10:17:19
dcab3219-d044-41e8-a9d6-e6130a2873d6,fe181f44-a44a-4c0d-b9b4-c16de0e3fc51,Rumpletum Lion,ONE SIZE,11.0,8.0,40.0,In Stock,2024-01-13 10:17:21
cfbb362b-f7d2-43d3-960c-877387b1b831,903760fd-a03f-4b05-b9df-ccbb1261146d,Snuggler Cat,ONE SIZE,9.0,5.0,25.0,In Stock,2024-01-13 10:17:23
0ca22061-9b47-421d-8ad7-3b22a03a5e9e,d29ef0cc-96c6-44f6-917c-062e3a9a3ea1,Smudge Bear,MEDIUM,9.0,6.0,35.0,In Stock,2024-01-13 10:17:24
fb5029a8-a7a3-4170-b7f8-8f3025ad4f9f,63428bc5-e67b-48da-893c-d03f612f5029,Cordy Roy Baby Bunny Soother,ONE SIZE,11.0,9.0,23.0,In Stock,2024-01-13 10:17:26
32b1f6b0-9278-42c5-803c-869df76c946e,2df26e00-d3b1-43dd-a216-f07f7f36196a,Cordy Roy Baby Lion Soother,ONE SIZE,11.0,9.0,23.0,In Stock,2024-01-13 10:17:27
46a98038-51df-42c3-bb69-f88d9f4820e6,bffb3bf6-f216-4dad-a1f1-3e26f697b894,Bashful Tiger,HUGE,20.0,8.0,80.0,In Stock,2024-01-13 10:17:30
9de71e76-6641-4934-b915-b8d62e3c3660,bffb3bf6-f216-4dad-a1f1-3e26f697b894,Bashful Tiger,MEDIUM,12.0,5.0,28.0,More on the way,2024-01-13 10:17:30
8bc57d3b-d3ae-4d35-9772-21e6a32cce2b,bffb3bf6-f216-4dad-a1f1-3e26f697b894,Bashful Tiger,SMALL,7.0,4.0,18.0,In Stock,2024-01-13 10:17:30
483d911e-8e1d-44c4-bff7-9c7e4dfd7ba4,c9792281-f7a7-4874-ac37-fefa36a78784,Bashful Cerise Bunny,SMALL,7.0,4.0,18.0,In Stock,2024-01-13 10:17:32
36bc43db-1572-4331-9244-a9ddc6f45c2a,a352b626-a14a-41b7-be46-2e94009e6c49,Beatrice Butterfly,LARGE,8.0,13.0,33.0,In Stock,2024-01-13 10:17:33
449ef058-df65-4691-b930-0848575c0a92,dbb3cf4d-f45d-46c2-b3c1-16275d5aaefd,Little Me Book,ONE SIZE,8.0,8.0,15.0,In Stock,2024-01-13 10:17:35
5201cb48-f03f-4dd9-af5c-8a9f123b4fa3,d67d0e02-51d2-4e0b-80fb-e2ff0d1e6d9d,Blossom Dusky Blue Bunny,MEDIUM,12.0,5.0,28.0,In Stock,2024-01-13 10:17:37
a07c3ebc-33ba-40ec-8ded-1dcd19ed41ba,d67d0e02-51d2-4e0b-80fb-e2ff0d1e6d9d,Blossom Dusky Blue Bunny,SMALL,7.0,4.0,18.0,Out of stock,2024-01-13 10:17:37
f7e62699-c60e-403c-83a1-7cd7064e808d,4eca9297-ede2-44d0-b0e8-22490fabcf3e,Fossilly T-Rex,MEDIUM,11.0,6.0,38.0,In Stock,2024-01-13 10:17:39
808c15a0-6245-4f33-9375-5f2d15a5562a,4eca9297-ede2-44d0-b0e8-22490fabcf3e,Fossilly T-Rex,SMALL,5.0,3.0,15.0,More on the way,2024-01-13 10:17:39
649bc71b-6f44-469f-b9c7-2519c451699e,da4338ba-4238-4f43-9f8f-5dfaaa268ca1,Bashful Tiger with Personalised Cream Jumper,MEDIUM,12.0,5.0,38.0,In Stock,2024-01-13 10:17:41
966916b9-717d-48b1-b386-15c8e94ca299,fa001947-8852-4c55-b83e-a267e2392d6f,Blossom Dusky Blue with Personalised Cream Jumper,MEDIUM,12.0,5.0,38.0,In Stock,2024-01-13 10:17:43
6fa17a51-ec8a-4377-a5df-ee58b36133cc,f8190f42-25ff-4119-bbd0-a53475b766ea,Bashful Tiger with Personalised Navy Jumper,MEDIUM,12.0,5.0,38.0,In Stock,2024-01-13 10:17:45
47269d08-f58e-47f6-8592-89ba9d1cc1fe,d902403f-c532-483d-ac02-c7bbb714534c,Blossom Dusky Blue with Personalised Navy Jumper,MEDIUM,12.0,5.0,38.0,In Stock,2024-01-13 10:17:46
a713ea8e-7eda-4030-9aa9-e3ebc354f3df,854053a5-09f1-4814-87bd-82e9936cf55b,Bashful Tiger with Personalised Red Jumper,MEDIUM,12.0,5.0,38.0,In Stock,2024-01-13 10:17:48
60521945-8930-4782-baaa-596dd6737f51,774c8ce7-36be-4c0b-a937-87475612bedf,Blossom Dusky Blue Bunny with Personalised Red Jumper,MEDIUM,12.0,5.0,38.0,In Stock,2024-01-13 10:17:50
8f3d94c9-5462-4d86-8a86-0949f8265cf7,5fb34976-c117-4075-a064-80737d6ce965,Odyssey Octopus,REALLY BIG,30.0,12.0,130.0,More on the way,2024-01-13 10:17:53
7bce1406-bc88-41ec-8baa-03ace16cd3b1,5fb34976-c117-4075-a064-80737d6ce965,Odyssey Octopus,HUGE,21.0,9.0,68.5,Out of stock,2024-01-13 10:17:53
cf42d816-ed36-4906-8109-0c8037704634,5fb34976-c117-4075-a064-80737d6ce965,Odyssey Octopus,LARGE,19.0,7.0,53.0,More on the way,2024-01-13 10:17:53
e87312a9-9c42-419c-bd8e-e0244a5f45aa,5fb34976-c117-4075-a064-80737d6ce965,Odyssey Octopus,LITTLE,9.0,4.0,30.0,In Stock,2024-01-13 10:17:53
40e13b0a-263d-424c-aace-c04f2047217d,5fb34976-c117-4075-a064-80737d6ce965,Odyssey Octopus,TINY,6.0,3.0,18.0,In Stock,2024-01-13 10:17:53
f4e16464-4ade-4fda-8894-a23b9df0687d,8d58a2bb-fcce-4184-ab20-7ad7fa489662,Sage Dragon,HUGE,7.0,26.0,120.0,More on the way,2024-01-13 10:17:55
033107b8-a839-4326-bcfe-5b8c989ef953,8d58a2bb-fcce-4184-ab20-7ad7fa489662,Sage Dragon,MEDIUM,5.0,20.0,65.0,Returning to stock 2-3 months,2024-01-13 10:17:55
3ff54605-4585-4f61-80c2-2263b29b6dde,8d58a2bb-fcce-4184-ab20-7ad7fa489662,Sage Dragon,LITTLE,3.0,12.0,32.5,In Stock,2024-01-13 10:17:55
162f8956-139f-403a-8f95-7d785e9cf4fe,fa1e9002-6ab7-46ae-b287-dbabbf0d35d1,Sienna Seahorse,MEDIUM,11.0,4.0,30.0,More on the way,2024-01-13 10:17:57
c408088b-d0ad-4ecf-b532-053e5f31f76b,fa1e9002-6ab7-46ae-b287-dbabbf0d35d1,Sienna Seahorse,SMALL,7.0,2.0,20.0,In Stock,2024-01-13 10:17:57
7922261c-7fe4-4145-a09e-773e9728b13f,a143b8f6-e465-437a-8f9a-0aae6d79d4fb,Bashful Plum Bunny,HUGE,20.0,8.0,80.0,Out of stock,2024-01-13 10:17:59
c47dde62-21e6-482f-992d-84bebf74189a,a143b8f6-e465-437a-8f9a-0aae6d79d4fb,Bashful Plum Bunny,MEDIUM,12.0,5.0,25.0,Out of stock,2024-01-13 10:17:59
b1837183-f8e5-4ae8-81fb-ea063a240ad3,a143b8f6-e465-437a-8f9a-0aae6d79d4fb,Bashful Plum Bunny,SMALL,7.0,4.0,18.0,In Stock,2024-01-13 10:17:59
548dec17-6759-41d4-962e-6b750f96f0be,a37bc45b-cbaa-4e26-a3d8-8b36917883a0,Fossilly Brontosaurus,MEDIUM,10.0,5.0,38.0,In Stock,2024-01-13 10:18:01
cf2be9e7-f59f-4579-a835-5e2bbe6f5c01,a37bc45b-cbaa-4e26-a3d8-8b36917883a0,Fossilly Brontosaurus,SMALL,3.0,2.0,15.0,In Stock,2024-01-13 10:18:01
897d766e-901e-404e-b9cb-a924dff50f88,e0e2a2da-3874-45fd-a3a6-24c8ace6d2d8,Fossilly Triceratops,MEDIUM,7.0,4.0,38.0,In Stock,2024-01-13 10:18:03
51ca2cae-da82-4b22-9a75-1b6c6fcd4ef7,e0e2a2da-3874-45fd-a3a6-24c8ace6d2d8,Fossilly Triceratops,SMALL,4.0,2.0,15.0,Out of stock,2024-01-13 10:18:03
a30b280e-c1f6-4173-a4d1-a49e1894fadf,7bb69654-e86e-4043-b15a-df7375f1f1c8,Kara Kangaroo,LARGE,15.0,5.0,47.5,In Stock,2024-01-13 10:18:05
afc3f9a2-0d33-4caf-ad1c-66bc7723ace7,7bb69654-e86e-4043-b15a-df7375f1f1c8,Kara Kangaroo,SMALL,8.0,4.0,28.5,Out of stock,2024-01-13 10:18:05
4d531ab3-d54f-4904-8c6e-e70c36d24650,5b526a44-214b-44f8-a308-2473c1ffc14e,Snow Dragon,HUGE,7.0,26.0,120.0,In Stock,2024-01-13 10:18:07
b38dd35e-4711-4759-b056-2b061163b51c,5b526a44-214b-44f8-a308-2473c1ffc14e,Snow Dragon,MEDIUM,5.0,20.0,65.0,In Stock,2024-01-13 10:18:07
2d8df925-4d3d-40ef-b435-129402eb5137,5b526a44-214b-44f8-a308-2473c1ffc14e,Snow Dragon,LITTLE,3.0,12.0,32.5,In Stock,2024-01-13 10:18:07
b195da3e-53c3-404f-a4e6-39d0b66f4b5a,decee48f-3260-4b11-8cbc-28098d8539be,Benji Koala Small,SMALL,9.0,4.0,28.0,In Stock,2024-01-13 10:18:09
1f98a6f8-f72c-4851-9fad-8d811d76e41c,c5371028-8668-4463-af50-5a5da74737b5,Blossom Blush Bunny,LARGE,14.0,6.0,43.0,Out of stock,2024-01-13 10:18:10
c26cce24-2acc-416b-9430-7ca6141ebc34,c5371028-8668-4463-af50-5a5da74737b5,Blossom Blush Bunny,MEDIUM,12.0,5.0,28.0,Returning to stock 2-3 months,2024-01-13 10:18:10
7d88a4c1-d97e-4354-982d-7a487415a2c6,c5371028-8668-4463-af50-5a5da74737b5,Blossom Blush Bunny,SMALL,7.0,4.0,18.0,In Stock,2024-01-13 10:18:10
f0ed8213-68ba-4f37-b179-21bc89483488,eaa3c60a-8515-45fb-9b8c-e67f3db817fb,Personalised Odell Octopus Soother,ONE SIZE,13.0,13.0,31.0,In Stock,2024-01-13 10:18:12
98ad062e-8e49-421a-bd2b-b3a368cdba52,9b2b3b76-8a97-4115-bf60-437261cea392,Wiley Whale,HUGE,8.0,31.0,90.0,In Stock,2024-01-13 10:18:14
16bd39bc-a8a0-42e5-9aa7-42d4b75801c7,9b2b3b76-8a97-4115-bf60-437261cea392,Wiley Whale,LARGE,7.0,20.0,53.0,In Stock,2024-01-13 10:18:14
665361c8-6888-49f1-9cd9-55dade5e4a14,8f77436f-d5c6-4d39-93c1-b5b6c0d306e6,Bailey Sloth,MEDIUM,16.0,3.0,35.0,In Stock,2024-01-13 10:18:17
3120e6d7-46f1-4913-9491-0ffd692ba605,8f77436f-d5c6-4d39-93c1-b5b6c0d306e6,Bailey Sloth,SMALL,13.0,2.0,28.0,Out of stock,2024-01-13 10:18:17
a4245f6f-771b-45d9-8f89-6fbab6b82e12,0faee605-2bcd-47a0-b335-2f52212f8016,Storm Octopus,LARGE,19.0,7.0,53.0,In Stock,2024-01-13 10:18:20
c9744e8d-7ae0-4069-9a0d-f0a9ce1929bd,0faee605-2bcd-47a0-b335-2f52212f8016,Storm Octopus,LITTLE,9.0,4.0,30.0,Returning to stock next week,2024-01-13 10:18:20
ee8731d4-90b5-4f52-8d28-cdabd5e1bacc,0faee605-2bcd-47a0-b335-2f52212f8016,Storm Octopus,TINY,6.0,3.0,18.0,More on the way,2024-01-13 10:18:20
11a812b8-4ad4-4de4-9148-9f703334337a,9fabfd7d-b1d5-4e98-954a-20db2758fc0a,Bashful Dragon,VERY BIG,43.0,18.0,275.0,In Stock,2024-01-13 10:18:22
6223c66b-08fe-4d83-8c85-674b53dbcb16,9fabfd7d-b1d5-4e98-954a-20db2758fc0a,Bashful Dragon,REALLY BIG,26.0,12.0,125.0,More on the way,2024-01-13 10:18:22
47258070-8f65-46fe-9317-822d9f1efb32,9fabfd7d-b1d5-4e98-954a-20db2758fc0a,Bashful Dragon,HUGE,20.0,8.0,69.5,Out of stock,2024-01-13 10:18:22
a7948fe4-7a3d-4171-9221-116d30c2ed95,9fabfd7d-b1d5-4e98-954a-20db2758fc0a,Bashful Dragon,MEDIUM,12.0,5.0,28.0,More on the way,2024-01-13 10:18:22
b1fa2b04-c755-4ffa-b298-ca9342db673e,9fabfd7d-b1d5-4e98-954a-20db2758fc0a,Bashful Dragon,SMALL,7.0,4.0,18.0,More on the way,2024-01-13 10:18:22
d5dcd512-cb69-4a69-bdac-dadbb0babe54,59208bb3-c5bf-4b93-b095-fa54cadc86f1,Bashful Dino,VERY BIG,43.0,18.0,275.0,In Stock,2024-01-13 10:18:25
e52f4acc-c567-43b3-8fd6-7ef7259d161f,59208bb3-c5bf-4b93-b095-fa54cadc86f1,Bashful Dino,REALLY BIG,26.0,12.0,125.0,In Stock,2024-01-13 10:18:25
91afedde-14e9-4f51-8389-dbdb26712ad4,59208bb3-c5bf-4b93-b095-fa54cadc86f1,Bashful Dino,HUGE,20.0,8.0,80.0,In Stock,2024-01-13 10:18:25
20bf8556-505a-4435-9ab5-21ef8182efdd,59208bb3-c5bf-4b93-b095-fa54cadc86f1,Bashful Dino,MEDIUM,12.0,5.0,28.0,In Stock,2024-01-13 10:18:25
0d4bf703-fde4-412e-bd5c-e0045d34bd92,59208bb3-c5bf-4b93-b095-fa54cadc86f1,Bashful Dino,SMALL,7.0,4.0,18.0,More on the way,2024-01-13 10:18:25
5e4ea257-bbeb-4838-be85-bae115ebb038,2064743e-9bfd-4ccd-882b-ee8082a35ea3,Bashful Turtle,MEDIUM,12.0,5.0,28.0,Returning to stock 2-3 months,2024-01-13 10:18:27
12a97a7d-c501-4741-91f6-5ac73b956353,2064743e-9bfd-4ccd-882b-ee8082a35ea3,Bashful Turtle,SMALL,7.0,4.0,18.0,In Stock,2024-01-13 10:18:27
1f66c25a-be67-4316-821f-38e7b14e8c3b,7e8d87a5-567a-46ac-a7e2-844eba91d495,Elly Ballerina Book,ONE SIZE,12.0,,15.0,In Stock,2024-01-13 10:18:29
2a1b000a-e34b-411c-abc7-60ea031dfa74,93b67151-e827-40a3-b9b7-44fd808ec704,Crispin Crab,MEDIUM,6.0,8.0,33.0,In Stock,2024-01-13 10:18:32
2bd368d5-f6a5-4141-8dd8-8d3675ec3fdc,93b67151-e827-40a3-b9b7-44fd808ec704,Crispin Crab,SMALL,4.0,5.0,24.0,Out of stock,2024-01-13 10:18:32
9a289879-a6e6-420e-b92e-cc8a8b37c98c,bfcfbed2-f33b-4f8e-a3b7-80422d058e4d,Livi Leopard,LARGE,5.0,18.0,80.0,In Stock,2024-01-13 10:18:34
1b7aa71d-21cd-4c57-8234-75916e448b8c,bfcfbed2-f33b-4f8e-a3b7-80422d058e4d,Livi Leopard,LITTLE,3.0,11.0,35.0,Out of stock,2024-01-13 10:18:34
6ba54fe8-66fa-42e7-ade8-26a5a543595b,d00188b7-cec2-4a2c-94e1-a2f6bb617c85,Bashful Navy Bunny,MEDIUM,12.0,5.0,28.0,In Stock,2024-01-13 10:18:37
fef8ef87-8032-4b9f-9a03-38bb1bab306b,d00188b7-cec2-4a2c-94e1-a2f6bb617c85,Bashful Navy Bunny,SMALL,7.0,4.0,18.0,In Stock,2024-01-13 10:18:37
6841e8ef-f8aa-4c4c-8680-dbe284893756,8b0176f1-ed5a-4f47-bcc9-43050ee83d4d,Bashful Navy Bunny with Personalised Cream Jumper,MEDIUM,12.0,5.0,38.0,In Stock,2024-01-13 10:18:39
1c6b82eb-74ed-47f4-8264-5e3202accf90,f2846111-ef08-466c-a1df-d04fd108d29b,Bashful Navy Bunny with Personalised Red Jumper,MEDIUM,12.0,5.0,38.0,In Stock,2024-01-13 10:18:41
c58606cb-c56d-44bc-a984-72e90cd6fe14,69c08449-a8b1-4d70-a05a-675962a394ed,Odell Octopus,REALLY BIG,30.0,12.0,130.0,In Stock,2024-01-13 10:18:44
901ec816-49a5-43ad-b222-e7d4317ac96e,69c08449-a8b1-4d70-a05a-675962a394ed,Odell Octopus,LARGE,19.0,7.0,53.0,Out of stock,2024-01-13 10:18:44
f895e941-70d7-4af5-a03d-1a9d22ab4d95,69c08449-a8b1-4d70-a05a-675962a394ed,Odell Octopus,LITTLE,9.0,4.0,30.0,Returning to stock next week,2024-01-13 10:18:44
27c9dd2d-21c4-4318-9ef9-38878f31be1a,69c08449-a8b1-4d70-a05a-675962a394ed,Odell Octopus,TINY,6.0,3.0,18.0,Returning to stock next week,2024-01-13 10:18:44
bb9e2695-71f2-4ffb-9c38-ad3304abb9e1,978fdf2a-77b3-4dd3-9606-68142fd40e0d,Personalised Bashful Navy Bunny Medium,MEDIUM,12.0,5.0,34.0,In Stock,2024-01-13 10:18:46
480f3c8e-f6f4-4c14-8b20-254fb34685f2,8c327a23-89f3-491b-8516-1693a34ed6c1,Bashful Blush Bunny,MEDIUM,12.0,5.0,28.0,In Stock,2024-01-13 10:18:48
123385fe-f409-41e7-a996-28e5bcad41d6,8c327a23-89f3-491b-8516-1693a34ed6c1,Bashful Blush Bunny,SMALL,7.0,4.0,18.0,More on the way,2024-01-13 10:18:48
dc4357a3-c2fd-4952-8166-6d51d998bf97,7b8f5a33-af2c-4314-9136-2989045d6a72,My Friend Bunny Book,ONE SIZE,9.0,9.0,15.0,In Stock,2024-01-13 10:18:50
3c07508f-b3a7-405a-95e2-78f52255d339,b6671571-9be1-41e0-8717-9141562d697f,Bashful Beige Bunny Blanket,ONE SIZE,40.0,30.0,45.0,In Stock,2024-01-13 10:18:51
f374da9b-9f49-4292-83cf-f106c1343799,034421e1-2cd6-4a14-920b-94fa9266d09b,Bashful Blue Bunny Blanket,ONE SIZE,40.0,30.0,45.0,In Stock,2024-01-13 10:18:53
8d9c9ddc-afd7-46f3-b5fc-2f5f7ec1136d,491dcb3a-7eed-45cb-9ce9-43396f28e456,Bashful Pink Bunny Blanket,ONE SIZE,40.0,30.0,45.0,In Stock,2024-01-13 10:18:55
3d12a171-7179-430c-9a92-62070877b9a1,98ccc5ff-3ce3-423a-ad91-ce987319c527,Harry Panda Cub,HUGE,20.0,10.0,120.0,Out of stock,2024-01-13 10:18:57
6a845175-8247-4f30-ba2c-ddcede8daa76,98ccc5ff-3ce3-423a-ad91-ce987319c527,Harry Panda Cub,LARGE,15.0,8.0,65.0,In Stock,2024-01-13 10:18:57
20cbf61a-5085-4984-9d83-8141d1cf9952,98ccc5ff-3ce3-423a-ad91-ce987319c527,Harry Panda Cub,MEDIUM,11.0,6.0,35.0,In Stock,2024-01-13 10:18:57
a70d7f8d-3349-4e73-b064-e0acf49c00c1,98ccc5ff-3ce3-423a-ad91-ce987319c527,Harry Panda Cub,TINY,5.0,3.0,13.0,Out of stock,2024-01-13 10:18:57
41d05e75-4926-4df4-ba9c-7bbeb8b41e80,a85fcfb1-231c-4362-8568-2daedfae04af,Bashful Lamb with Personalied Red Jumper,MEDIUM,12.0,5.0,38.0,In Stock,2024-01-13 10:18:59
afda066e-5c12-4bf0-b3da-16200fe1a83a,f45d3637-57c0-4dd9-aba9-2ef7f75afc53,Larry Lobster,MEDIUM,11.0,4.0,33.0,In Stock,2024-01-13 10:19:01
8270f0b9-c8bb-40be-b1e8-d5889c4cb75c,f45d3637-57c0-4dd9-aba9-2ef7f75afc53,Larry Lobster,SMALL,8.0,3.0,25.0,Returning to stock 2-3 months,2024-01-13 10:19:01
b4ad88dc-d004-431a-9755-bdbda9cc61c0,2c66e95c-3044-4423-b0d6-eb928247ac32,My Friend Bunny Book and Bashful Beige Bunny,MEDIUM,,,43.0,In Stock,2024-01-13 10:19:03
4d8138b1-fed3-407b-8f47-049a17669585,aea4831b-6ce1-4e71-9ab1-6949c3e1e3ea,Bashful Truffle Bunny,MEDIUM,12.0,5.0,28.0,In Stock,2024-01-13 10:19:05
287c6cfb-33ca-491a-b9bc-00b83d3f26c9,aea4831b-6ce1-4e71-9ab1-6949c3e1e3ea,Bashful Truffle Bunny,SMALL,7.0,4.0,18.0,In Stock,2024-01-13 10:19:05
893482f0-d5e2-46dc-b02d-3e0c07a913c8,effb4b39-1446-4d09-ab63-373fa73b9656,Colin Chameleon,ONE SIZE,11.0,4.0,29.0,In Stock,2024-01-13 10:19:07
cdfa24e3-e00c-411c-8869-fc2c297939c5,9dea2d21-12e4-4802-aa06-25c540a1170e,Bashful Truffle Bunny with Personalised Cream Jumper,MEDIUM,12.0,5.0,38.0,In Stock,2024-01-13 10:19:10
12f62acb-400e-4ec2-b0bc-1e39642e3caf,64081f89-78c1-4b26-9092-7a0968fd820e,Bashful Truffle Bunny with Personalised Navy Jumper,MEDIUM,12.0,5.0,38.0,In Stock,2024-01-13 10:19:12
6bf8ae50-f472-430c-b009-3849d9920ce6,262140c9-0585-4501-8b65-839ea2030907,Bashful Truffle Bunny with Personalised Red Jumper,MEDIUM,12.0,5.0,38.0,In Stock,2024-01-13 10:19:14
38e2c7fe-2928-4ff2-8f0f-0381617bdded,42addd7f-d700-4a47-b1f1-b014ee91da58,Bashful Fox Cub,HUGE,20.0,8.0,80.0,In Stock,2024-01-13 10:19:17
2e3bc977-f218-47c8-9f32-f87759716e20,42addd7f-d700-4a47-b1f1-b014ee91da58,Bashful Fox Cub,MEDIUM,12.0,5.0,28.0,More on the way,2024-01-13 10:19:17
43d7836b-5ff2-45ef-88e9-e2be33d171ca,42addd7f-d700-4a47-b1f1-b014ee91da58,Bashful Fox Cub,SMALL,7.0,4.0,16.5,Out of stock,2024-01-13 10:19:17
918d95ce-9e2c-40ed-b3b7-f58e79ea35ee,36f4b561-6241-41f8-908b-e24d87f77ba9,Bashful Toffee Puppy,VERY BIG,43.0,18.0,275.0,In Stock,2024-01-13 10:19:20
8aaeb3ab-1019-4ebd-a1c3-ecfa632110ee,36f4b561-6241-41f8-908b-e24d87f77ba9,Bashful Toffee Puppy,REALLY BIG,26.0,12.0,125.0,In Stock,2024-01-13 10:19:20
4b6a09cc-7a65-4051-adab-bb13f16e2713,36f4b561-6241-41f8-908b-e24d87f77ba9,Bashful Toffee Puppy,MEDIUM,12.0,5.0,28.0,Returning to stock 2-3 months,2024-01-13 10:19:20
c55bad00-b343-472f-b185-2b7b723cc2b0,36f4b561-6241-41f8-908b-e24d87f77ba9,Bashful Toffee Puppy,SMALL,7.0,4.0,18.0,Returning to stock 2-3 months,2024-01-13 10:19:20
1107f9a0-4e45-4939-a558-57ec6134a90b,e5dba5aa-2873-4cc2-9188-ae5a5423106c,If I Were A Bunny Book,ONE SIZE,6.0,6.0,13.5,In Stock,2024-01-13 10:19:22
14c67c9e-3e54-417b-82c5-5ac8121b4cfd,bdac7035-1de5-40f8-9560-b24a42f0d7c1,The Very Brave Lion Book,ONE SIZE,9.0,9.0,15.0,In Stock,2024-01-13 10:19:24
cef907d4-6bf0-46c0-907c-07831a5afb92,3607ec6a-d979-4e99-b627-ee40f36d6f4c,If I Were A Bunny Book and Bashful Bunny,SMALL,,,31.5,In Stock,2024-01-13 10:19:26
7c0b12ab-e24a-4a26-83be-688b9706f8e9,bab7fa8a-2ec6-4def-b434-27733644358f,The Very Brave Lion Book and Fuddlewuddle Lion,MEDIUM,,,45.0,In Stock,2024-01-13 10:19:28
0f18f5c3-8bbf-4f2b-8a6e-b3380b405d0a,35b33b2e-b4ff-4f8d-b56a-64bca867fcd0,Bashful Twinkle Bunny,MEDIUM,12.0,5.0,28.0,More on the way,2024-01-13 10:19:30
65a295f3-5d7c-4876-bd4a-6f56ba775dc4,35b33b2e-b4ff-4f8d-b56a-64bca867fcd0,Bashful Twinkle Bunny,SMALL,7.0,4.0,18.0,In Stock,2024-01-13 10:19:30
88faebe9-2f91-461c-b5c5-8c77afe6ec20,3aa0a084-cabe-44ef-9a02-75bfae011a4e,Blossom Tulip Bunny,HUGE,20.0,8.0,80.0,Out of stock,2024-01-13 10:19:33
a066aed9-44f2-47ce-aa15-8bcc5471322b,3aa0a084-cabe-44ef-9a02-75bfae011a4e,Blossom Tulip Bunny,LARGE,14.0,6.0,43.0,In Stock,2024-01-13 10:19:33
666ac0cc-2974-4da8-a67f-8716367cbebe,3aa0a084-cabe-44ef-9a02-75bfae011a4e,Blossom Tulip Bunny,MEDIUM,12.0,5.0,28.0,In Stock,2024-01-13 10:19:33
296c7d45-b529-4551-b860-40112d408713,3aa0a084-cabe-44ef-9a02-75bfae011a4e,Blossom Tulip Bunny,SMALL,7.0,4.0,18.0,In Stock,2024-01-13 10:19:33
312866aa-c2b5-445c-9891-7e96895a2b05,3aa0a084-cabe-44ef-9a02-75bfae011a4e,Blossom Tulip Bunny,TINY,5.0,,10.0,Out of stock,2024-01-13 10:19:33
a3b3b0f0-c992-496a-bdf1-fc935b1c8b11,fb477f29-b02d-456a-b34e-887371fab35c,Blossom Tulip Bunny with Personalised Cream Jumper,MEDIUM,12.0,5.0,38.0,In Stock,2024-01-13 10:19:35
24f16029-9e2c-4338-a50b-ff2ea97ab78c,f68e5c87-ebd1-4cfe-a194-20648472c0c7,Blossom Tulip Bunny with Personalised Navy Jumper,MEDIUM,12.0,5.0,38.0,In Stock,2024-01-13 10:19:37
e1ced791-ac1c-4697-a037-b00b4744189b,318844fc-788c-4916-b805-3d3b47716589,Blossom Tulip Bunny with Personalised Red Jumper,MEDIUM,12.0,5.0,38.0,In Stock,2024-01-13 10:19:40
32bda2af-10df-4b7e-a4f7-11bb5195be8f,c3af5f42-3c2a-4053-afb9-36b421c1e070,Personalised Bashful Silver Bunny Huge,HUGE,20.0,8.0,86.0,In Stock,2024-01-13 10:19:43
74c7811e-06d0-4c85-b3b8-5217aff0b1ce,05d3e160-2d00-47e3-9dea-4e0dd721a19f,If I Were An Elephant Book,ONE SIZE,6.0,6.0,13.5,In Stock,2024-01-13 10:19:45
24264b26-08fa-455f-a964-28a73f321b4c,e3cac30c-1638-4c64-9c32-6fefeef3f95a,The Magic Bunny Book,ONE SIZE,7.0,7.0,15.0,In Stock,2024-01-13 10:19:46
60e388c9-b35a-4ac5-8ac6-17a7cb112fe3,51d8415c-fab7-4f2d-b8dd-d0c9c1297217,When I am Big Book,ONE SIZE,8.0,8.0,15.0,In Stock,2024-01-13 10:19:48
acdc6965-fab0-4e4f-850a-7db93c4d6c9a,04069e7b-6a9c-4676-ac7e-b1290836b888,Bumbly Bear,HUGE,23.0,9.0,99.0,Out of stock,2024-01-13 10:19:51
f0872c29-068e-42bb-ad6f-8db4bbc5abf9,04069e7b-6a9c-4676-ac7e-b1290836b888,Bumbly Bear,LARGE,20.0,7.0,60.0,In Stock,2024-01-13 10:19:51
44592ce4-9a35-4ac1-8306-481fdbcfb0c5,04069e7b-6a9c-4676-ac7e-b1290836b888,Bumbly Bear,MEDIUM,15.0,6.0,43.0,In Stock,2024-01-13 10:19:51
cbfe2873-746e-46a8-8148-ee58746c2b0e,04069e7b-6a9c-4676-ac7e-b1290836b888,Bumbly Bear,SMALL,11.0,4.0,28.0,More on the way,2024-01-13 10:19:51
f7b3d022-a892-4f74-8982-0aca100597a8,e6f4eeee-c450-4d0d-8b6f-3e2dafe504ed,The Magic Bunny Book and Bashful Cottontail Bunny,MEDIUM,,,43.0,In Stock,2024-01-13 10:19:53
7c1559f5-4763-46ed-a5c9-e0eb31e103fc,cf04c934-33c7-4cf7-90e9-fb09db77eac0,Bashful Unicorn,MEDIUM,12.0,5.0,28.0,In Stock,2024-01-13 10:19:55
63bf294b-efe3-45e5-ac22-c57c9f6a081c,cf04c934-33c7-4cf7-90e9-fb09db77eac0,Bashful Unicorn,SMALL,7.0,4.0,18.0,In Stock,2024-01-13 10:19:55
1c29d159-8413-4315-bab7-ed2592c1345c,0ed1b4fa-85df-466b-932a-32ac6e1e0067,Fuddlewuddle Monkey,MEDIUM,9.0,5.0,30.0,In Stock,2024-01-13 10:19:57
0aee454c-a7a5-4c65-add1-6f03771e57ee,f8388702-4360-4b23-aad2-c66a9d562bdc,Bashful Beige Bunny Grabber,ONE SIZE,7.0,3.0,15.0,In Stock,2024-01-13 10:19:59
4312378e-0f21-4fdf-b41e-904dbecf52f7,561a539b-515b-4ed3-9d4a-e954d17e4595,If I Were A Rabbit Book,ONE SIZE,6.0,6.0,13.5,In Stock,2024-01-13 10:20:01
621be51b-d0c5-42fd-97cf-a2093231031e,2b94e2dd-5a8f-4c89-8016-80da45487b9f,If I Were A Rabbit Book and Bashful Tulip Bunny,SMALL,,,31.5,In Stock,2024-01-13 10:20:03
6d61e5ac-e611-4696-bd6f-e1b55e538bad,1eb135e0-a015-4a9c-abc7-4d1ee56e5ddd,Fuddlewuddle Lion,HUGE,17.0,9.0,69.0,Out of stock,2024-01-13 10:20:05
93212105-2f14-42df-859c-f0ef1f4a9c72,1eb135e0-a015-4a9c-abc7-4d1ee56e5ddd,Fuddlewuddle Lion,LARGE,12.0,6.0,50.0,More on the way,2024-01-13 10:20:05
9caa9bfc-da8d-4839-b77c-1e1da317837c,1eb135e0-a015-4a9c-abc7-4d1ee56e5ddd,Fuddlewuddle Lion,MEDIUM,9.0,5.0,30.0,In Stock,2024-01-13 10:20:05
56502ef5-9c2b-4436-ad0d-8c52a7149f13,6941229a-9d54-45bf-9002-b952c9818949,Bartholomew Bear,REALLY BIG,22.0,13.0,140.0,In Stock,2024-01-13 10:20:07
a252824b-3b31-4b4f-84db-4e8c3d0909f7,6941229a-9d54-45bf-9002-b952c9818949,Bartholomew Bear,HUGE,19.0,7.0,55.0,In Stock,2024-01-13 10:20:07
a2059d25-c107-470a-b521-f74c0da0933a,6941229a-9d54-45bf-9002-b952c9818949,Bartholomew Bear,LARGE,14.0,7.0,40.0,In Stock,2024-01-13 10:20:07
dd45e231-8f3d-4552-b6a2-490a2ac1e5f6,6941229a-9d54-45bf-9002-b952c9818949,Bartholomew Bear,MEDIUM,11.0,5.0,28.0,More on the way,2024-01-13 10:20:07
3f16a9ed-6524-4b21-9764-b30bc4b3bcf8,6941229a-9d54-45bf-9002-b952c9818949,Bartholomew Bear,TINY,6.0,3.0,18.5,In Stock,2024-01-13 10:20:07
6717fb0d-e131-4fd5-90cd-4b45445b5556,075ff5c5-3bb5-4fb2-97a7-931df2961af4,Bashful Silver Bunny,VERY BIG,43.0,18.0,275.0,In Stock,2024-01-13 10:21:18
1c8d0fa8-1f25-4fba-886e-b08a279322d7,075ff5c5-3bb5-4fb2-97a7-931df2961af4,Bashful Silver Bunny,REALLY BIG,26.0,11.0,125.0,In Stock,2024-01-13 10:21:18
74222728-2f99-487f-a218-51617c499e63,075ff5c5-3bb5-4fb2-97a7-931df2961af4,Bashful Silver Bunny,HUGE,20.0,8.0,80.0,In Stock,2024-01-13 10:21:18
977b0528-1187-4406-844e-8a94de6bc25f,075ff5c5-3bb5-4fb2-97a7-931df2961af4,Bashful Silver Bunny,LARGE,14.0,6.0,43.0,Out of stock,2024-01-13 10:21:18
e59d296b-4f4a-4fc3-a8ef-bf537042e321,075ff5c5-3bb5-4fb2-97a7-931df2961af4,Bashful Silver Bunny,MEDIUM,12.0,5.0,28.0,In Stock,2024-01-13 10:21:18
5163ec57-58d1-47bf-8abc-925f2422d9a4,075ff5c5-3bb5-4fb2-97a7-931df2961af4,Bashful Silver Bunny,SMALL,7.0,4.0,18.0,In Stock,2024-01-13 10:21:18
96ce84eb-2310-4ad9-a8a3-5196037626f8,f238df72-76f5-46ee-8778-ab3bdfefc408,Bashful Silver Bunny with Personalised Cream Jumper,MEDIUM,12.0,5.0,38.0,In Stock,2024-01-13 10:21:22
6750d00f-4279-4029-87db-9a7ce07ed278,4083db38-6169-4a77-8eea-9daaf0e9c9b6,Bashful Silver Bunny with Personalised Navy Jumper,MEDIUM,12.0,5.0,38.0,In Stock,2024-01-13 10:21:24
f1e5eb5e-4945-4d1d-b1b9-3e1ac42dca71,9d1ba860-4e6f-4476-b745-6530d68ad386,Bashful Silver Bunny with Personalised Red Jumper,MEDIUM,12.0,5.0,38.0,In Stock,2024-01-13 10:21:27
435b1df2-cf10-412c-a676-eb520370402c,869aed7e-8c7f-460c-9180-07a26e157a18,Personalised Bashful Silver Bunny Medium,MEDIUM,12.0,5.0,34.0,In Stock,2024-01-13 10:21:30
3cfde988-ff51-46b9-a601-5efbd6d3ceb4,a6cfdd6a-7ac0-4c44-82e9-8cf898a5cb44,Bashful Cottontail Bunny,VERY BIG,43.0,18.0,275.0,In Stock,2024-01-13 10:21:33
7fa0ce2c-c76d-4849-aa06-93034f121116,a6cfdd6a-7ac0-4c44-82e9-8cf898a5cb44,Bashful Cottontail Bunny,REALLY BIG,26.0,12.0,125.0,In Stock,2024-01-13 10:21:33
03faac81-cab7-4c07-a481-263d398dd7a1,a6cfdd6a-7ac0-4c44-82e9-8cf898a5cb44,Bashful Cottontail Bunny,MEDIUM,12.0,5.0,28.0,In Stock,2024-01-13 10:21:33
530f3944-3f4e-40a7-a077-73a024aebc14,a6cfdd6a-7ac0-4c44-82e9-8cf898a5cb44,Bashful Cottontail Bunny,SMALL,7.0,4.0,17.5,Out of stock,2024-01-13 10:21:33
0b903ac6-1143-4a5c-a883-7f1bca2d19ff,619a8173-3f73-43ae-b2a6-4683db5955a8,Blossom Cream Bunny,LARGE,14.0,6.0,43.0,Out of stock,2024-01-13 10:21:36
d9ed1615-8f07-4b23-998c-3c9c7ae906a5,619a8173-3f73-43ae-b2a6-4683db5955a8,Blossom Cream Bunny,MEDIUM,12.0,5.0,28.0,Returning to stock next week,2024-01-13 10:21:36
9d959498-c3b5-4cf8-bfba-29e407850042,619a8173-3f73-43ae-b2a6-4683db5955a8,Blossom Cream Bunny,SMALL,7.0,4.0,18.0,In Stock,2024-01-13 10:21:36
43550a18-7c67-4cc4-ba4b-32610bc4ba68,e0668c4d-6cb3-4b45-9825-b8b9f404b01a,Bashful Cottontail Bunny with Personalised Cream Jumper,MEDIUM,12.0,5.0,38.0,In Stock,2024-01-13 10:21:39
00de77cc-1ecb-4e3d-ad59-c361552471b9,479427ab-d113-4aec-b822-a6734e9cc61e,Bashful Cottontail Bunny with Personalised Navy Jumper,MEDIUM,12.0,5.0,38.0,In Stock,2024-01-13 10:21:41
bfd45792-f0df-4eef-a518-d91238cda655,9a73180f-2e2b-452a-974c-4c9be5e55f92,Bashful Cottontail Bunny with Personalised Red Jumper,MEDIUM,12.0,5.0,38.0,In Stock,2024-01-13 10:21:43
7d7f5a49-fd82-4045-85c2-086ee8c3a635,774f3031-ee93-48cf-b135-6e8b5303bcad,Personalised Bashful Cottontail Bunny Medium,MEDIUM,12.0,5.0,34.0,In Stock,2024-01-13 10:21:45
5218ddd5-e218-45d4-9896-085a688d9a7e,d29d2047-f28e-4d8b-a828-afb586b51ac0,Bashful Monkey Soother,ONE SIZE,13.0,13.0,25.0,In Stock,2024-01-13 10:21:46
32757979-1f14-44be-8f89-d5b83afa2189,a33fde9e-509d-496b-899c-4f236b375587,Bashful Black & Cream Puppy,VERY BIG,43.0,18.0,275.0,In Stock,2024-01-13 10:21:49
e0f90759-990b-4743-8b74-15f905ecc37b,a33fde9e-509d-496b-899c-4f236b375587,Bashful Black & Cream Puppy,MEDIUM,12.0,5.0,28.0,In Stock,2024-01-13 10:21:49
91d45ccb-01d5-4c89-a43d-3588729b30d6,a33fde9e-509d-496b-899c-4f236b375587,Bashful Black & Cream Puppy,SMALL,7.0,4.0,18.0,In Stock,2024-01-13 10:21:49
bf8cca61-5d3c-4219-aa0a-e3a6296e700f,e254c189-9acb-4a7f-9681-14818047f58f,Bashful Blue Bunny,HUGE,20.0,8.0,67.5,Out of stock,2024-01-13 10:21:51
74929410-0d28-4e39-b5c7-892a69cf7fec,e254c189-9acb-4a7f-9681-14818047f58f,Bashful Blue Bunny,MEDIUM,12.0,5.0,28.0,In Stock,2024-01-13 10:21:51
e554cede-a063-4eba-9a82-3761a263fddf,e254c189-9acb-4a7f-9681-14818047f58f,Bashful Blue Bunny,TINY,5.0,2.0,10.0,Out of stock,2024-01-13 10:21:51
8f1cc65b-9997-462e-bb1a-ed7adbfccc26,f46b437a-73c6-489b-94e6-14e317e38174,Bashful Pink Bunny,HUGE,20.0,8.0,67.5,Out of stock,2024-01-13 10:21:54
6e391818-629b-4745-8069-337e5f58516e,f46b437a-73c6-489b-94e6-14e317e38174,Bashful Pink Bunny,MEDIUM,12.0,5.0,28.0,In Stock,2024-01-13 10:21:54
8e51f4fa-b5e3-4952-aa98-e8f71698d400,f46b437a-73c6-489b-94e6-14e317e38174,Bashful Pink Bunny,TINY,5.0,2.0,10.0,Out of stock,2024-01-13 10:21:54
37423c05-29cc-4f4f-a663-0919a48b2111,aef69910-1dcd-4b97-bf07-dc3a03ab7870,Fuddlewuddle Puppy,MEDIUM,9.0,5.0,30.0,In Stock,2024-01-13 10:21:56
8499db8e-9f7f-487b-b5b8-2b1af0e022cd,9631723d-a1e3-45f7-9886-558c87b1b8f4,Bashful Black & Cream Puppy with Personalised Cream Jumper,MEDIUM,12.0,5.0,38.0,In Stock,2024-01-13 10:21:58
f7dbeed9-e10a-4fb7-925d-0e3d02faa6f7,0d861f20-2c5a-4002-b074-a6d41da2c479,Bashful Blue Bunny with Personalised Cream Jumper,MEDIUM,12.0,5.0,38.0,In Stock,2024-01-13 10:22:01
35f8384c-b240-4c79-9be3-066fe066d187,4333a9d1-1c6f-4316-8541-764d2df908b9,Bashful Pink Bunny with Personalised Cream Jumper,MEDIUM,12.0,5.0,38.0,In Stock,2024-01-13 10:22:04
3b961c5b-f09b-43b0-9b08-152d2d50b4d4,800efa66-ee09-4c78-9393-d17678c7c185,Bashful Black & Cream Puppy with Personalised Navy Jumper,MEDIUM,12.0,5.0,38.0,In Stock,2024-01-13 10:22:07
472b5f0e-a58e-493b-8a3f-c4e43f6f2a2b,eec42b5c-4771-466d-aab5-f95db05531fd,Bashful Blue Bunny with Personalised Navy Jumper,MEDIUM,12.0,5.0,38.0,In Stock,2024-01-13 10:22:09
a595427f-ec71-43be-bc44-d4444bf71bc8,5dd8ef17-2cf9-4a0e-acca-22344d7d0458,Bashful Pink Bunny with Personalised Navy Jumper,MEDIUM,12.0,5.0,38.0,In Stock,2024-01-13 10:22:11
6334a054-19c3-40a0-aa8e-b0bd6a9d2837,cd2abde6-fd47-4b25-8d71-5fe61e477aae,Bashful Black & Cream Puppy with Personalised Red Jumper,MEDIUM,12.0,5.0,38.0,In Stock,2024-01-13 10:22:13
6b0fa0ea-556e-4a98-b015-9c6222debae6,e8829748-a0d7-4c18-9fde-042f8c1a7c1e,Bashful Blue Bunny with Personalised Red Jumper,MEDIUM,12.0,5.0,38.0,In Stock,2024-01-13 10:22:16
67c3656b-cc30-40ca-b1d6-6ffbf7531be4,07a4be4b-9aaf-44d4-8722-e3c4a807fb34,Bashful Pink Bunny with Personalised Red Jumper,MEDIUM,12.0,5.0,38.0,In Stock,2024-01-13 10:22:17
e1c8cfde-2b4d-47ee-b5d3-8b2512114917,b3d1894f-ba23-4406-966f-c5e743a08b56,Personalised Bashful Blue Bunny Medium,MEDIUM,12.0,5.0,34.0,In Stock,2024-01-13 10:22:20
6a76f84c-04f9-4558-848e-d67241e544d8,3edcf63a-d6f7-40b3-a50a-0f8634711a82,Bashful Pink Bunny Rattle,SMALL,7.0,4.0,15.0,In Stock,2024-01-13 10:22:21
d886ccab-184a-421c-b1ff-cbbb7cf6868f,18b5df93-05c9-4ed1-93fd-9b9bc3ec3b48,Bashful Pink Bunny Soother,ONE SIZE,13.0,13.0,25.0,In Stock,2024-01-13 10:22:23
782259f0-c209-4d5e-9b0a-97f7ef38ac93,212d216d-1539-4607-9878-e5a434830c7e,Personalised Bashful Cream Bunny Huge,HUGE,20.0,8.0,86.0,In Stock,2024-01-13 10:22:25
1f4b0bb1-82c3-4ec1-9f87-d37a54471d59,dd5e2ce1-873e-4ac1-99a6-a8da563a46c8,Edward Bear,MEDIUM,13.0,6.0,30.0,In Stock,2024-01-13 10:22:27
beb22d37-efb5-4ddf-99ac-28544be36d3e,dd5e2ce1-873e-4ac1-99a6-a8da563a46c8,Edward Bear,SMALL,10.0,5.0,23.0,Out of stock,2024-01-13 10:22:27
8110b1dd-50a6-4059-af4a-d7b48855e3be,1ce1dfaa-9626-4381-acc3-ed60350c2527,Personalised Bashful Beige Bunny Huge,HUGE,20.0,8.0,86.0,In Stock,2024-01-13 10:22:30
0a8eb493-f536-465e-8c6c-9b3012f8ee10,cc588e90-af38-44fd-a3aa-bbd96309a5a0,Bashful Beige Bunny,VERY BIG,43.0,18.0,275.0,In Stock,2024-01-13 10:24:48
18c059f1-82b4-433f-807b-a1f39a05d1d3,cc588e90-af38-44fd-a3aa-bbd96309a5a0,Bashful Beige Bunny,REALLY BIG,26.0,12.0,125.0,In Stock,2024-01-13 10:24:48
a3f317a3-362d-422f-8c08-0738abac2d6c,cc588e90-af38-44fd-a3aa-bbd96309a5a0,Bashful Beige Bunny,HUGE,20.0,8.0,80.0,In Stock,2024-01-13 10:24:48
a2a94cac-b610-47cb-8ed8-cd714a24bd63,cc588e90-af38-44fd-a3aa-bbd96309a5a0,Bashful Beige Bunny,LARGE,14.0,6.0,43.0,In Stock,2024-01-13 10:24:48
cd248b34-6c73-49e0-9d34-df10eb4204fd,cc588e90-af38-44fd-a3aa-bbd96309a5a0,Bashful Beige Bunny,MEDIUM,12.0,5.0,28.0,In Stock,2024-01-13 10:24:48
9bf7db09-cea0-49b7-ad6f-952d4320b0be,cc588e90-af38-44fd-a3aa-bbd96309a5a0,Bashful Beige Bunny,SMALL,7.0,4.0,18.0,In Stock,2024-01-13 10:24:48
094802af-a9e7-43d6-9251-b36b00fe02e2,cc588e90-af38-44fd-a3aa-bbd96309a5a0,Bashful Beige Bunny,TINY,5.0,2.0,14.0,In Stock,2024-01-13 10:24:48
be0dba4a-d74a-4de4-b867-50805ff2fa01,a6d314ff-4483-4892-9f2f-4ae5f229dc49,Bashful Beige Bunny with Personalised Cream Jumper,MEDIUM,12.0,5.0,38.0,In Stock,2024-01-13 10:24:50
da978d70-6bda-47a4-94b6-a41b07412e73,263f3712-9980-4676-b64a-fe976d78dfb4,Bashful Beige Bunny with Personalised Navy Jumper,MEDIUM,12.0,5.0,38.0,In Stock,2024-01-13 10:24:52
d1b52dd1-e7a2-47ca-983e-409fecf66257,d70d07cc-cedf-4cb6-a191-22b4d1d9b48b,Bashful Beige Bunny with Personalised Red Jumper,MEDIUM,12.0,5.0,38.0,In Stock,2024-01-13 10:24:54
cb101c5c-23fc-46ef-955f-9c63a985effb,7331291f-9a25-4cc1-8e11-fa135f44b4a5,Personalised Bashful Beige Bunny Medium,MEDIUM,12.0,5.0,34.0,In Stock,2024-01-13 10:24:56
4ab382a2-0532-4923-a12e-daf625b65523,8114cb50-2430-4b2a-8bd5-c65193081cc7,Bashful Cream Bunny,VERY BIG,43.0,18.0,275.0,Returning to stock 2-3 months,2024-01-13 10:24:59
048b649e-65bb-4340-b3e6-567b53125b5a,8114cb50-2430-4b2a-8bd5-c65193081cc7,Bashful Cream Bunny,REALLY BIG,26.0,11.0,125.0,In Stock,2024-01-13 10:24:59
6062248a-c888-41e3-a62f-e2210d3bbbba,8114cb50-2430-4b2a-8bd5-c65193081cc7,Bashful Cream Bunny,HUGE,20.0,8.0,80.0,In Stock,2024-01-13 10:24:59
e364413e-11d7-49b8-9829-46a53cce0b47,8114cb50-2430-4b2a-8bd5-c65193081cc7,Bashful Cream Bunny,LARGE,14.0,6.0,43.0,In Stock,2024-01-13 10:24:59
a18eb96a-8864-44d2-b1d2-cd90b8941f64,8114cb50-2430-4b2a-8bd5-c65193081cc7,Bashful Cream Bunny,MEDIUM,12.0,5.0,28.0,Returning to stock 2-3 months,2024-01-13 10:24:59
3bd68933-c975-4f22-af9e-dfcbd66a346d,8114cb50-2430-4b2a-8bd5-c65193081cc7,Bashful Cream Bunny,SMALL,7.0,4.0,18.0,In Stock,2024-01-13 10:24:59
b034c97f-4e8a-4280-8417-9afd02649b54,299f788e-0120-4cf3-89e1-6aa63068239b,Personalised Rose Dragon Huge,HUGE,7.0,26.0,126.0,In Stock,2024-01-13 10:25:01
7d8a29b6-6d19-42f5-b315-94aae4177d5b,e5ad8f13-7c23-4f16-8d8a-107a0d2078ef,Personalised Bashful Pink Bunny Soother,ONE SIZE,13.0,13.0,31.0,In Stock,2024-01-13 10:25:03
d4ed32bf-1ec0-4ce2-80d9-e2dadf23ba69,343dea1c-243f-4a2a-93bc-0c2718ee37b2,Rory Le Courageux Petit Lion & Fuddlewuddle Lion,MEDIUM,,,45.0,In Stock,2024-01-13 10:25:05
bed48ac4-b71e-4438-aa3d-40e25ad8a76f,a407a395-dbc5-4877-ae0c-a61e37503460,Little Me Book and Bashful Beige Bunny,MEDIUM,,,43.0,In Stock,2024-01-13 10:25:07
56b68182-881a-4bea-86f8-27efca72496b,de6b8e64-7aa3-4ed0-a06b-e2565165f422,Lapin Timide Et Ses Petites Aventures & Bashful Beige Bunny,MEDIUM,,,43.0,In Stock,2024-01-13 10:25:08
c226a2d2-9cd0-4bba-8a80-b8021bedb4c7,a81c631e-73b2-49e0-ace5-42cb912565a3,Lottie Fairy Bunny Book and Lottie Bunny Fairy,ONE SIZE,,,47.5,In Stock,2024-01-13 10:25:10
87d918b8-bb0b-4b3e-9991-1bfd97653405,85c8a56a-01a1-440b-aa56-001c601fe000,Lapin Timide Veille Sur Tes Nuits & Bashful Cottontail Bunny,MEDIUM,,,43.0,In Stock,2024-01-13 10:25:12
50de9d47-4b3c-419f-90ad-dd4e88ee13db,dde5ad06-b802-4da2-be47-cdeb0df9b184,Merry Mouse Book and Merry Mouse,ONE SIZE,,,42.5,In Stock,2024-01-13 10:25:14
3d718c21-9b29-483c-9be0-fb1058f712d3,f80df103-3583-49c9-8675-bd2338d835f8,Who Can I Find Book and Little Bunny,ONE SIZE,,,32.5,In Stock,2024-01-13 10:25:15
7eba1de9-6338-4f41-a797-61c057dbf40c,d8587c36-b301-4c89-8b91-cddc895cf484,Lapin Timide Veut Grandir & Bashful Cream Bunny,MEDIUM,,,43.0,In Stock,2024-01-13 10:25:17
38c3ebf1-b947-4331-98f2-aa86ab8eebbb,f11cbb17-e122-4481-92b9-6f7add8ec747,Ooky Bat,ONE SIZE,6.0,2.0,20.0,More on the way,2024-01-13 10:25:18
fd95a002-728e-4670-9f5b-4be742077a00,85b06948-9fd9-45aa-b461-dbaaa1372459,Archie Dinosaur,ONE SIZE,9.0,6.0,35.0,More on the way,2024-01-13 10:25:20
9a229d40-327f-46f3-82e7-32c6c578d91f,b7ad8451-25c7-4473-80c6-7839b39ae5f2,Bashful Grey Kitty,MEDIUM,12.0,5.0,28.0,More on the way,2024-01-13 10:25:22
9fdaf007-e9d5-4a25-b8bf-1ce60da28ea5,4165b444-08e0-4c3b-a751-a9e0c97ac77b,If I Were a Bunny Board Book,ONE SIZE,6.0,6.0,13.5,Returning to stock 2-3 months,2024-01-13 10:25:23
e17e046d-c08e-4aa8-bf06-acef77ecdab4,fc21f600-8669-427e-8a7f-2f7a634d85a0,Blossom Beige Bunny Bag Charm,ONE SIZE,7.0,2.0,23.0,More on the way,2024-01-13 10:25:25
8ca77c0a-cfc6-4617-a0d7-9e72051683f7,9c45f5eb-a7e4-4c5b-ba53-0da1e6466e28,Blossom Blush Bunny Bag Charm,ONE SIZE,7.0,2.0,23.0,More on the way,2024-01-13 10:25:26
a1e750c2-8918-4100-815d-4c74fe25d826,ead700f9-741f-4b0d-8d4e-ae9d5701e00d,Blossom Jasmine Bunny Bag Charm,ONE SIZE,7.0,2.0,23.0,More on the way,2024-01-13 10:25:28
40ab8fad-72f3-4dd7-823f-d77411b7ec89,876c2aa5-88c4-48fb-ace5-309626b17ad4,Backpack Panda,ONE SIZE,9.0,4.0,30.0,More on the way,2024-01-13 10:25:29
7e35587b-fe07-48b5-aac9-07b09f283c4c,5ce2f1a7-1120-4791-bb39-8a7e757affaf,Caboodle Puppy,ONE SIZE,4.0,4.0,20.0,More on the way,2024-01-13 10:25:31
277e04f3-c043-4410-a0fe-2a4988074905,7e096bf5-7ed3-4236-b319-ccf33c538f3a,Carissa Persian Cat,ONE SIZE,10.0,10.0,45.0,Returning to stock 2-3 months,2024-01-13 10:25:33
9581b9b0-aedd-4c51-889c-a44bac48d633,5c3406f4-5609-4468-a5e4-79067979fa52,Clyde Capybara,ONE SIZE,8.0,9.0,43.0,Out of stock,2024-01-13 10:25:35
00e8b83c-09d3-4879-8437-87aba541e0d0,bfbab8f6-52e8-45e3-a356-fdd7894efd05,Dara Giraffe,ONE SIZE,22.0,7.0,75.0,More on the way,2024-01-13 10:25:37
0ed3e5f7-a36a-40e7-8fd1-aec9ff79275c,9a129d0f-b2c5-4f33-948f-8cce19be2383,Dario Donkey,ONE SIZE,14.0,7.0,60.0,More on the way,2024-01-13 10:25:39
637bb85a-cbd3-4ac4-b8ec-8167e3156a57,1770522b-6888-4f4b-a0fc-5b9089728c02,Fuddlewuddle Ginger Cat,MEDIUM,9.0,5.0,30.0,More on the way,2024-01-13 10:25:40
4b17956a-137a-43a6-90e2-3e8e1f86ce3b,2d59c0cd-fbd7-43a1-a044-529dc08d5e24,Gordy Guinea Pig,ONE SIZE,8.0,6.0,30.0,More on the way,2024-01-13 10:25:42
f049d78d-7132-4b57-a481-4970a9a1f423,393b3d39-b123-4da0-8ca7-9dc05b2f69a8,Huddles Kangaroo,ONE SIZE,10.0,6.0,45.0,Returning to stock 2-3 months,2024-01-13 10:25:44
68c0155c-baee-4a37-a20d-795e0216375f,438e4f9b-8836-41c9-af7d-54ecc245938b,Iris Siamese Cat,ONE SIZE,11.0,5.0,33.0,More on the way,2024-01-13 10:25:46
2d7f57aa-97b0-4cf9-bc68-8ade2060a241,2511d46b-8df0-4e02-aff2-c13fd8f61a9c,Little Goat,ONE SIZE,7.0,4.0,22.0,More on the way,2024-01-13 10:25:47
f4dab0a6-196c-49ff-a5f5-e2d6f56e8b73,9e2452ca-5c1a-43d9-abd7-3c371765a3b0,Little Pig Bag,ONE SIZE,7.0,7.0,40.0,More on the way,2024-01-13 10:25:49
f8fb0e0e-e6f2-4d5d-9659-56fdf16772ae,15414837-08b9-4ef6-83a1-69e2185ecc0d,Little Pup Bag Charm,ONE SIZE,7.0,2.0,25.0,More on the way,2024-01-13 10:25:50
d91bca63-c50e-4aee-b561-7fda128ec79f,76785b29-595f-44ec-a418-70d32bb966b0,Randall Basset Hound,ONE SIZE,9.0,13.0,35.0,More on the way,2024-01-13 10:25:52
64e52b05-9b5e-40d2-ad1c-c7550a8f9752,7f78f015-42d0-4599-95ef-491ae11da0d1,Richie Dromedary,ONE SIZE,11.0,17.0,60.0,More on the way,2024-01-13 10:25:54
37bd0169-675b-4ccf-854e-fed9a7fc23a6,f4f0bed3-873f-480b-bff5-fa95382d4667,Tilly Golden Retriever,ONE SIZE,11.0,6.0,35.0,More on the way,2024-01-13 10:25:56
c4e1d93f-aca3-4802-aa84-ed488d78145b,10e96feb-a9ec-4eaa-b527-cf6065b38ecb,Wanderlust Elly,ONE SIZE,7.0,14.0,100.0,More on the way,2024-01-13 10:25:57
a88a2b8f-d5bb-4d82-8d28-481715a63b22,13428b7c-d036-459b-9b45-3a792ad8487f,Yummy Puppy,ONE SIZE,6.0,3.0,20.0,Returning to stock 2-3 months,2024-01-13 10:25:59
e85d45b5-27a7-429c-b909-b7e6ee0758fc,21c69328-1bd2-4b31-9039-4b43655b5e96,Honeyhome Bee,ONE SIZE,7.0,7.0,35.0,More on the way,2024-01-13 10:26:00
ad873828-3012-4112-9b32-c664159655f5,f9d213bd-5d45-405d-83cb-bca0a39a6f30,Messenger Bunny,ONE SIZE,7.0,5.0,32.5,Out of stock,2024-01-13 10:26:02
7a6dd78a-450c-4421-9810-5d1401507279,595a8dd1-734c-4184-bc75-78d8b451317f,Alexis Anglerfish,ONE SIZE,6.0,8.0,35.0,Out of stock,2024-01-13 10:26:04
00d6f839-7e61-44ce-961c-1b13202ad478,2a4c783e-16a2-42a0-9e57-294dd06b8bd9,Bartholomew Bear Bag,ONE SIZE,6.0,7.0,38.0,Returning to stock next week,2024-01-13 10:26:06
c5304f57-e7b5-4353-8edd-752c130c169f,39b3c834-9006-4de7-a462-054a9a95c3e8,Bashful Bunny Cream Bag Charm,ONE SIZE,7.0,2.0,19.0,Out of stock,2024-01-13 10:26:07
529feea0-8531-4113-addd-4165d9321fcd,ba55136e-474a-4faa-8493-e909b6dd6946,Bashful Bunny Truffle Bag Charm,ONE SIZE,7.0,2.0,19.0,More on the way,2024-01-13 10:26:09
6e2b7ea2-d253-4774-b396-f59fd044cae2,8afc63cf-15f8-4399-875b-afb676e914a2,Bashful Bunny Inky Bag Charm,ONE SIZE,7.0,2.0,19.0,More on the way,2024-01-13 10:26:10
1c951f96-a334-4aa4-9c16-dcbae9086b81,f27ab023-8bc6-4421-b2f8-14b189d73842,Kitten Tails Activity Book,ONE SIZE,9.0,5.0,18.5,More on the way,2024-01-13 10:26:12
c51c388e-f44d-4b2c-ab02-2c0ee90d71e6,d3274dcf-e7db-4463-8dd9-03a7a6fe8dfd,When I Am Sleepy Book,ONE SIZE,8.0,8.0,15.0,Returning to stock next week,2024-01-13 10:26:14
76ae379d-944e-4dc5-8bc8-a35831bcec69,a5869465-90cd-4182-a59c-a1ff340acc89,Backpack Puppy,ONE SIZE,9.0,4.0,30.0,More on the way,2024-01-13 10:26:16
3cc146fc-863e-457a-aa6d-c9fba00e2a3d,08a3878b-b26c-403c-a2fc-6f3df80733e3,Caractacus Chameleon,ONE SIZE,15.0,7.0,65.0,More on the way,2024-01-13 10:26:17
ea204e9e-ad2a-4297-98f9-89f07edb1c17,0da11ae9-db60-45dc-be75-38b7fd509b7f,Cauldron Cuties,ONE SIZE,6.0,5.0,35.0,More on the way,2024-01-13 10:26:19
eac3fa17-c6fc-4836-824e-0626a2b59d74,634c13d5-ccad-4f13-8a95-9236f8444937,Coquette Cutie Cat,ONE SIZE,10.0,2.0,32.5,More on the way,2024-01-13 10:26:21
8e47dae1-33f6-4d96-b253-db5cf998c474,2ff4131b-b621-4c1f-af1e-397526c8382a,Daphne Pomeranian,ONE SIZE,9.0,8.0,33.0,More on the way,2024-01-13 10:26:23
785599f1-7dc1-45de-b884-8029a2486220,5fb86832-4a69-44a3-b290-408729c6010e,Floofie St Bernard,ONE SIZE,7.0,16.0,80.0,More on the way,2024-01-13 10:26:24
4094ee5c-8a6a-4d64-acc5-508fdb0935ac,4d9e5bd1-f787-4f22-b2f4-54aa42bd240d,Freya Pony,ONE SIZE,13.0,13.0,65.0,More on the way,2024-01-13 10:26:26
e9033353-4dd4-442d-a0be-2f8fb3b18e95,a55c51b5-024e-45aa-9f76-9d844089f527,Georgiana Poodle,ONE SIZE,9.0,5.0,33.0,More on the way,2024-01-13 10:26:28
71872a2f-957e-472f-a974-b3e541475b5e,f55103ca-9a33-4149-9014-9362ca7ea62d,Jackson Husky,ONE SIZE,10.0,6.0,35.0,More on the way,2024-01-13 10:26:29
ebff6077-97b9-401b-9870-3f1e68d5f5da,3b4068b3-ce20-4014-83cb-0586fd95c29f,Kitten Caboodle Grey,ONE SIZE,4.0,4.0,20.0,Returning to stock 3-4 weeks,2024-01-13 10:26:31
321a9124-298d-43b9-8ead-a3593ed3b341,962cd3b8-060f-4741-8eba-19e3bacff20f,Little Snake,ONE SIZE,6.0,8.0,22.0,Returning to stock 2-3 months,2024-01-13 10:26:33
35d9b4cd-9c0a-4786-996c-8f556242760e,f804e1c3-8581-4cbf-8f13-0a8b87c98833,Munro Scottie Dog Bag Charm,ONE SIZE,4.0,2.0,23.0,Returning to stock 2-3 months,2024-01-13 10:26:34
41fe4947-ee9c-41ee-9fca-739de790b56b,b60047dc-63e3-4ae2-8bc8-e0e5710f477d,Munro Scottie Dog Bag,ONE SIZE,9.0,5.0,40.0,Out of stock,2024-01-13 10:26:36
037ae42d-7129-4273-b044-3786ef8903fa,0bdba17e-cf77-47d0-a27f-445037f064bd,Myrtle Hippopotamus,ONE SIZE,15.0,6.0,45.0,More on the way,2024-01-13 10:26:38
74d47fd6-11b1-48e0-bc5e-95196adc6049,8c0b58f8-bfa1-4f13-a72c-00a8906eee94,Nessie Nessa,ONE SIZE,9.0,14.0,30.0,Out of stock,2024-01-13 10:26:40
2db18c4e-2a2b-4aee-9c83-4087af1fec67,c39eea58-7c57-47a8-bd91-719841474e13,Otto Sausage Dog Bag,ONE SIZE,6.0,9.0,40.0,Returning to stock 3-4 weeks,2024-01-13 10:26:41
55a96861-7e10-4aa1-8bcd-0a259ef9b2c8,7d9e3785-b58c-4689-9124-cf3b0d83119e,Ricky Rain Frog Bag Charm,ONE SIZE,3.0,3.0,23.0,Returning to stock next week,2024-01-13 10:26:43
e1e2e240-59e8-4e11-b20a-e73fe573f9bb,e3b601c5-db37-49e7-92ee-69c64da90cec,Sweater French Bulldog Purple,ONE SIZE,7.0,7.0,32.5,More on the way,2024-01-13 10:26:45
95918a12-650b-45c5-b0ea-268aef4fa0a1,e1da201f-56c6-4cd7-8e63-e02b4f4f437b,Timmy Turtle,ONE SIZE,11.0,8.0,40.0,More on the way,2024-01-13 10:26:47
667bb2fe-7953-45a7-9942-980885872d71,da21ec2f-336f-4ce9-8413-29394170aa68,Yummy Bear,ONE SIZE,6.0,3.0,20.0,Returning to stock 2-3 months,2024-01-13 10:26:49
4041ac31-2b4f-4149-a7ab-33a172280834,a145a235-a66a-41fc-ba32-5aa32d5152bb,Birdling Seagull,ONE SIZE,4.0,3.0,17.0,More on the way,2024-01-13 10:26:51
417cd8f4-1993-4f9d-98ad-bb2a6518fdd0,18a7fc05-daef-4f09-99a7-77ff3e8c5a74,Bartholomew Bear Bedtime,MEDIUM,10.0,5.0,30.0,More on the way,2024-01-13 10:26:52
4ec374f6-618b-42f5-8522-bc00cedfe64b,8a73df4d-da5f-496f-8f3c-e2336527a0d0,Little Reindeer,ONE SIZE,7.0,4.0,20.0,More on the way,2024-01-13 10:26:54
47c7a40b-4068-4957-bf4c-a4d554db43f5,959211b7-5107-437a-b5e6-b4fdd99b2e29,Merry Mouse Sleighing,ONE SIZE,7.0,4.0,42.5,Out of stock,2024-01-13 10:26:55
13a83fef-c363-48d7-89a6-7532c8fbb774,6b456f2d-c859-4e55-bc90-95f53a22f60a,Winter Warmer Munro Scottie Dog,ONE SIZE,8.0,5.0,32.5,Out of stock,2024-01-13 10:26:57
0fe3ac39-ca57-47d1-bf62-a4ee6e2d7d49,287d44a8-cfe1-427a-a971-9d8669100f4e,Nesting Penguins,ONE SIZE,4.0,5.0,35.0,More on the way,2024-01-13 10:26:59
d097c10f-1d1b-4a32-878e-fe01c5701824,23c6e40c-f038-4e6b-94a4-d8bfcad30f59,Ronnie Rockhopper Penguin,ONE SIZE,10.0,4.0,25.0,More on the way,2024-01-13 10:27:00
5295235d-cede-4f40-9921-7bc4542cfe3b,49f258c8-5ce6-4843-bda3-e818b019f7df,Wee Reindeer,ONE SIZE,5.0,3.0,17.5,Out of stock,2024-01-13 10:27:02
16db442b-8297-4dee-b97c-581f57a6314e,78735d89-5986-4933-b8c6-4345ab0d8dc1,Blowzy Belle Cat,ONE SIZE,17.0,4.0,37.5,More on the way,2024-01-13 10:27:04
ca1e2964-ff9e-46bd-bb4e-4c83b15e29d4,60471f12-700a-4982-a6dc-4c7dd5d22a4c,Fuzzkin Lamb,ONE SIZE,9.0,4.0,25.0,More on the way,2024-01-13 10:27:05
bada5ead-e4e5-4096-8f46-66e689b87e26,0f5963eb-fed6-442c-9960-e25cfc376c3d,Herbie Highland Cow,ONE SIZE,10.0,6.0,35.0,More on the way,2024-01-13 10:27:07
915bfc24-00a6-42a6-8d04-290ec2152234,748faf92-9b10-4892-b26d-c955a283dd23,Little Mouse,ONE SIZE,7.0,4.0,22.0,More on the way,2024-01-13 10:27:09
27794030-6bd4-4bf2-bdf6-98a0772420dd,7391e306-02e8-40b5-ad24-020f936e9ff4,Personalised Bashful Luxe Bunny Rosa Huge,HUGE,20.0,8.0,91.0,More on the way,2024-01-13 10:27:11
e44f93a1-af80-49ab-a417-d8eefa546b16,68bf0d5a-0dd7-49e4-9e12-bce0e7240b39,Sweetsicle Elephant,ONE SIZE,6.0,3.0,20.0,More on the way,2024-01-13 10:27:13
878630ae-4931-4fa1-ba24-6bdea88e2585,9221eb8d-7404-432c-a775-34b7a16e2522,Tumblie Elephant,ONE SIZE,5.0,14.0,30.0,Returning to stock 2-3 months,2024-01-13 10:27:15
4ce4c94d-d3e8-4ae2-9b9c-6325acd482fb,cf3ac9a4-ee5f-4ec2-91ed-3fd773a7b757,Wavelly Whale Blue,ONE SIZE,2.0,6.0,15.0,More on the way,2024-01-13 10:27:16
4aaa43b7-c74c-41e4-b03e-ab724bd558f4,a8331bf1-6a7d-4d0f-a881-826fa697b5f5,Wavelly Whale Grey,ONE SIZE,3.0,5.0,15.0,Returning to stock 2-3 months,2024-01-13 10:27:18
02cf4881-b655-48e2-b90d-92b6884530b3,836df978-e287-481e-8ff8-bdf8dd07fb2e,Lottie The Ballet Bunny Book,ONE SIZE,7.0,7.0,15.0,Returning to stock 3-4 weeks,2024-01-13 10:27:20
b187a001-aa75-4016-be84-caf61000f6d4,8547387f-fc83-4ab9-aa1d-8e2b6021651d,Sandy Snail,ONE SIZE,5.0,3.0,27.0,Returning to stock 2-3 months,2024-01-13 10:27:21
28a9e64e-abd2-4de6-bc86-d9022df5f350,3425bf0b-e32d-4474-8af2-4133af882a1b,Yummy Duckling,ONE SIZE,6.0,4.0,20.0,More on the way,2024-01-13 10:27:23
e40e1fa1-7dc4-4fbe-80b6-a690f1b3d4d2,7b23bc29-b7ac-4476-ba51-8e6b2e02822c,Yummy Lamb,ONE SIZE,6.0,4.0,20.0,More on the way,2024-01-13 10:27:25
f51ce6b2-ad26-4678-8e42-8f79869a7ccf,8bc2e14d-d069-4000-8970-8a0d44fa6822,Amore Dog,ONE SIZE,10.0,7.0,40.0,More on the way,2024-01-13 10:27:27
01ce1c81-747b-4c86-81fe-f3eb005a5d2e,decf3451-2a7f-48f0-b03a-85d2345c07ab,Ambrosie Squirrel,ONE SIZE,9.0,4.0,35.0,More on the way,2024-01-13 10:27:28
b39b3e71-f7fd-4e62-b613-b1fc2fb2bab1,cee0dfae-5f94-46be-9bc3-6fad7b5aa0e4,Archibald Elephant,MEDIUM,10.0,5.0,28.0,Returning to stock 2-3 months,2024-01-13 10:27:30
d6151cba-433d-449a-982b-1038115d9042,b5ffd9cd-c313-4e5c-93ea-17d28508e0d2,Barnabus Pig,HUGE,17.0,7.0,55.0,Out of stock,2024-01-13 10:27:32
09024f1b-c599-418a-aadd-91c6a602ffd7,b5ffd9cd-c313-4e5c-93ea-17d28508e0d2,Barnabus Pig,MEDIUM,10.0,5.0,28.0,Returning to stock 2-3 months,2024-01-13 10:27:32
d112743a-4c28-4614-99d8-cb2e7c4f8c97,69cb9d86-2bd8-47ec-8671-32db988215a5,Bashful Koala,MEDIUM,11.0,5.0,28.0,More on the way,2024-01-13 10:27:34
a25cd51e-c95e-44ff-bb9b-41ed797e8893,54f5ea96-a05a-4816-ae08-7f11123016a9,Backpack Unicorn,ONE SIZE,9.0,4.0,30.0,More on the way,2024-01-13 10:27:36
912a1fd1-2b39-484c-acc8-fc7d3b22bb9d,e1eb79ca-27b8-4e45-89d6-d03241f54248,Floofie Sheepdog,ONE SIZE,10.0,16.0,80.0,More on the way,2024-01-13 10:27:37
daf9b296-69b1-4fc0-8bda-da19e6e98b47,3f55626c-4747-4e56-a330-3fdc8a5b4310,Magnus Manatee,ONE SIZE,6.0,14.0,50.0,More on the way,2024-01-13 10:27:47
18ff8273-d167-4d6b-abf7-526372daa2b2,30bd6265-3402-416f-bc35-64b3565f1d60,Napping Nipper Cat,ONE SIZE,4.0,6.0,25.0,More on the way,2024-01-13 10:27:49
f85e3234-ebff-4811-ace8-1e9cfc94ba7a,9722ea07-6f63-4cc7-8257-55b4fca14647,Hibernating Penguin,ONE SIZE,5.0,5.0,22.0,More on the way,2024-01-13 10:27:51
315973b6-09c0-4839-ad9b-369162d336e6,bdaf6623-c473-4b2f-b118-d755e9a52b31,Little Penguin,ONE SIZE,7.0,3.0,22.0,More on the way,2024-01-13 10:27:52
2e309d1c-181a-459b-8751-83c46df41ab4,e798e3f8-171e-4156-afb2-5ab6a2d02c9c,Merry Mouse Candy Cane,ONE SIZE,7.0,4.0,27.5,More on the way,2024-01-13 10:27:54
9c2ef49a-a166-4e1a-a8a0-c08ac585eff7,de8e94c6-6037-44a7-949d-12cfd47a0bbc,Mitzi Reindeer,LARGE,14.0,4.0,50.0,More on the way,2024-01-13 10:27:56
3ff61ec8-617a-4f82-ace1-d0b24eaf872d,de8e94c6-6037-44a7-949d-12cfd47a0bbc,Mitzi Reindeer,MEDIUM,10.0,3.0,32.5,More on the way,2024-01-13 10:27:56
a03b534b-8527-421a-840a-3b833a9cfefd,303c179d-b9a1-486a-83aa-4ff6eb993c98,Bashful Black Kitten,MEDIUM,12.0,5.0,28.0,More on the way,2024-01-13 10:27:58
cdc92d9e-4288-4dbd-8434-3520a2aaa364,436d5ccf-986d-43d8-afa9-d2d291919bea,Bashful Snow Tiger,REALLY BIG,26.0,12.0,125.0,Out of stock,2024-01-13 10:28:00
56b875d8-9061-493b-93b0-5671151b391c,436d5ccf-986d-43d8-afa9-d2d291919bea,Bashful Snow Tiger,HUGE,20.0,8.0,80.0,Out of stock,2024-01-13 10:28:00
a9739612-bb97-439a-8823-1bdbde0970ad,436d5ccf-986d-43d8-afa9-d2d291919bea,Bashful Snow Tiger,MEDIUM,12.0,5.0,28.0,Returning to stock next week,2024-01-13 10:28:00
6ed37599-0ba5-4602-b558-9051cb06dde4,dc2ab26a-686f-4077-a1d4-2fa5b31f1194,Birdling Blue Jay,ONE SIZE,4.0,3.0,17.0,More on the way,2024-01-13 10:28:02
f248cc61-cabc-4925-9c0a-fcd3318a8378,ea2a729e-390f-4d31-9573-aedd6f31fc2b,Birdling Mallard,ONE SIZE,4.0,3.0,17.0,More on the way,2024-01-13 10:28:04
95797f37-ea40-47bc-aba4-5eea2abc7f1c,8333522d-1a03-43bd-9fe5-a98b6d3a94a9,Birdling Pigeon,ONE SIZE,4.0,3.0,17.0,More on the way,2024-01-13 10:28:05
29536cbd-4830-4774-8842-ba83bddb3a07,7f6ceaff-cdfa-49f9-9663-e4f11ad4a6d3,My Dad and Me Book,ONE SIZE,8.0,8.0,15.0,Returning to stock next week,2024-01-13 10:28:07
d9171a96-cf24-41c5-bbfc-4021eb07429d,bff165a9-1e0b-47b3-9b6f-07dfaba256a0,Backpack Elephant,ONE SIZE,9.0,4.0,30.0,Returning to stock 2-3 months,2024-01-13 10:28:09
6a89c088-b91d-42d4-88f0-c06656ba9395,77cf7067-f804-4dfd-a9fe-497a338bcb1c,Bruce Bush Baby,ONE SIZE,7.0,5.0,27.5,More on the way,2024-01-13 10:28:10
fcb59cdd-1ab2-4f24-b0c7-9bbbf96e9335,8a65aae1-6293-43d6-b3c6-e3f0bdb332cd,Curvie Sheep Dog,ONE SIZE,9.0,6.0,33.0,More on the way,2024-01-13 10:28:12
921e0fb7-e1b4-4624-abb2-8e01873ed4db,1ea18613-44b8-4ca5-bcd5-359ccdbb0168,Huggady Panda,LARGE,13.0,7.0,67.5,Out of stock,2024-01-13 10:28:14
7f644b3f-5927-4fb1-8c74-9042c45c9673,1ea18613-44b8-4ca5-bcd5-359ccdbb0168,Huggady Panda,MEDIUM,9.0,5.0,30.0,More on the way,2024-01-13 10:28:14
007e1ee4-0b5f-47f9-9cae-8e1faecb2476,c8479df0-03df-40cc-a540-d524ee19447a,Bashful Snow Tiger with Personalised Cream Jumper,MEDIUM,12.0,5.0,38.0,Returning to stock next week,2024-01-13 10:28:16
8ac00953-d013-4d41-a795-f367b1c1d5a3,c67c02ab-1168-4ad2-9586-b2413daa98d5,Bashful Snow Tiger with Personalised Navy Jumper,MEDIUM,12.0,5.0,38.0,Returning to stock next week,2024-01-13 10:28:18
eef05810-5df9-4dd4-9881-84d22f8d04b2,4e68c235-f03a-4b24-9c48-02ec8e67e891,Bashful Snow Tiger with Personalised Red Jumper,MEDIUM,12.0,5.0,38.0,Returning to stock next week,2024-01-13 10:28:20
3550c55e-62a5-41e2-a45a-76e9bcd6a9f7,bf893436-39ba-4c44-a6a5-abc3093711e5,Kitten Caboodle Ginger,ONE SIZE,4.0,4.0,20.0,More on the way,2024-01-13 10:28:22
ab842028-fcc5-4864-a099-1c885db53e9d,1cb5b590-ac90-4bd6-8fd0-54a7fffc23b7,Little Frog,ONE SIZE,7.0,4.0,22.0,More on the way,2024-01-13 10:28:24
1204e831-ed2e-4494-8081-d3a43afb1911,175cb524-8e7d-4f73-9851-4e7e11a6d398,Munro Scottie Dog,HUGE,17.0,9.0,75.0,Out of stock,2024-01-13 10:28:26
7ee81248-e65e-491f-a8b5-195e4cb1d8e3,175cb524-8e7d-4f73-9851-4e7e11a6d398,Munro Scottie Dog,MEDIUM,9.0,5.0,30.0,Returning to stock 2-3 months,2024-01-13 10:28:26
38c48fd2-cb36-4218-8323-acc1f88aecc0,d89c9020-60a1-4ad5-9805-4b35722e22c0,Pacey Pufferfish,ONE SIZE,6.0,9.0,33.0,Returning to stock 2-3 months,2024-01-13 10:28:28
1e4e0843-fc56-4d42-b9c9-e682f306efff,490b2bbc-3dfb-44ff-972a-3665aeef06d0,Rock-a-Bye Bunny,ONE SIZE,7.0,4.0,30.0,More on the way,2024-01-13 10:28:30
062ec1aa-40c0-487f-98fe-a01eb0502c60,47ebcf88-2357-4a8a-a2ec-61c826b9e785,Sleepee Panda,MEDIUM,14.0,6.0,25.0,Out of stock,2024-01-13 10:28:32
a4f41e8d-e020-4e3b-a56d-d0749bea4835,47ebcf88-2357-4a8a-a2ec-61c826b9e785,Sleepee Panda,SMALL,9.0,4.0,18.0,Out of stock,2024-01-13 10:28:32
84b6cd8e-b063-4492-8685-5675f7425f45,5231a58d-218a-479c-af00-1229c747f403,Tommy Turtle,ONE SIZE,12.0,6.0,27.5,More on the way,2024-01-13 10:28:34
f3210bf2-0168-4b73-88b9-1b5eaf446de7,ded5a5ba-a7d9-4395-9ee6-9d90de685541,Tully Turtle,ONE SIZE,4.0,10.0,33.0,Returning to stock next week,2024-01-13 10:28:35
5cdc3d60-ed20-4791-b947-c4fb44311c4e,ada0d5dc-7696-4b7b-bf11-c342770da334,Willow Owl,ONE SIZE,8.0,4.0,23.5,More on the way,2024-01-13 10:28:37
82a6fbe0-f725-412d-be42-dd9759ebdd4a,18996c49-d7a4-4788-9837-4d4dff583cbf,Bashful Petal Bunny,MEDIUM,12.0,5.0,28.0,More on the way,2024-01-13 10:28:40
be934a5e-29e9-40de-9765-ab925faee9ca,18996c49-d7a4-4788-9837-4d4dff583cbf,Bashful Petal Bunny,SMALL,7.0,4.0,18.0,More on the way,2024-01-13 10:28:40
49fa9c51-e9b3-46d0-9a70-962ff8779a74,5c68b9c5-03ff-4c20-b0ac-8ece679693d4,Bashful Fudge Bunny with Personalised Cream Jumper,MEDIUM,12.0,5.0,38.0,More on the way,2024-01-13 10:28:42
ea1a30a8-33fd-4491-a568-915cdc72533d,bedc38a1-7d07-42bb-8a2a-69e55d96b43d,Bashful Fudge Bunny with Personalised Navy Jumper,MEDIUM,12.0,5.0,38.0,More on the way,2024-01-13 10:28:44
253a7949-545e-45da-9ea5-f1ab60fd5b6d,c9fb4284-576d-4b9d-bb43-915d1e6c396c,Bashful Fudge Bunny with Personalised Red Jumper,MEDIUM,12.0,5.0,38.0,More on the way,2024-01-13 10:28:46
