jellycatsizeid,jellycatid,jellycatname,size,price,stock,height,width,datecreated
dc7716a8-10b6-4331-9fa8-13e656f996a5,cc1d97d7-a639-4080-9334-66ae6f22e365,Bashful Luxe Bunny Azure,HUGE,85.0,In Stock,20.0,8.0,2024/01/05 21:48:53
7bf37329-ce0e-478e-9c1d-c9a60106fb51,cc1d97d7-a639-4080-9334-66ae6f22e365,Bashful Luxe Bunny Azure,MEDIUM,35.0,In Stock,12.0,5.0,2024/01/05 21:48:53
92c98eee-ae64-4969-8a49-b7ab15d7a939,f8b08bf8-2fdd-4f20-9166-512b72258bbc,All Kinds of Cats Book,ONE SIZE,15.0,In Stock,9.0,7.0,2024/01/05 21:48:54
5a8002d1-6200-4c9a-819a-54c3108134cb,58dfbe6b-82c8-495e-91b7-70db1d20b1ed,Fergus Frog,ONE SIZE,50.0,In Stock,13.0,4.0,2024/01/05 21:48:56
0e1aae4b-270a-4e4d-a0cd-b596b523ca89,2853adc0-d06b-4fe5-8963-9ec4533ce7d7,Jellycat Head Giant,ONE SIZE,220.0,In Stock,22.0,24.0,2024/01/05 21:48:58
a577f564-ea16-4b2f-8445-fabb1f504845,8c3ae954-5a51-4a88-847c-4dc6496ae78f,Jellycat Jack,REALLY BIG,165.0,In Stock,26.0,9.0,2024/01/05 21:49:00
c23bf038-929f-4c82-97ec-e081a5004f59,8c3ae954-5a51-4a88-847c-4dc6496ae78f,Jellycat Jack,HUGE,110.0,In Stock,19.0,6.0,2024/01/05 21:49:00
2faf34d3-d152-4290-ae5c-40ef691c4e76,8c3ae954-5a51-4a88-847c-4dc6496ae78f,Jellycat Jack,MEDIUM,45.0,Returning to stock next week,13.0,4.0,2024/01/05 21:49:00
bb27f11e-1613-42b7-a92b-3d2f01a1dfd5,cddd253d-de48-42a9-940e-99d367266a2a,Jellycat Bag Charm,ONE SIZE,28.0,In Stock,5.0,4.0,2024/01/05 21:49:01
ff771323-a40a-4184-93fc-5038b18a5a26,15372731-b52c-465b-bd3c-d1101d9ba768,Jellycat Bag,ONE SIZE,45.0,In Stock,6.0,9.0,2024/01/05 21:49:03
8485ce05-2564-4994-b0a3-822394c31144,e0df09eb-c388-4e60-9bd6-3418504d5092,Junglie Monkey,MEDIUM,55.0,In Stock,18.0,7.0,2024/01/05 21:49:04
2f57bd53-9459-46fb-b285-cb6310bbd1c6,d2886c8e-56a9-413d-8d49-14b6d1870e43,Truffles Sheep,LARGE,110.0,In Stock,9.0,25.0,2024/01/05 21:49:06
c0cc43cc-f60e-4b86-b041-6cbbeb3d0007,2f88c504-4a53-4ea5-be96-08c1fbe80236,Golden Dragon,HUGE,120.0,In Stock,7.0,26.0,2024/01/05 21:49:08
a53f7a66-554c-465f-8384-58aa84c1f8db,2f88c504-4a53-4ea5-be96-08c1fbe80236,Golden Dragon,LARGE,65.0,In Stock,5.0,20.0,2024/01/05 21:49:08
ed16a0ad-8bb3-490c-b2c1-1873a8d856c0,2f88c504-4a53-4ea5-be96-08c1fbe80236,Golden Dragon,LITTLE,32.5,In Stock,3.0,12.0,2024/01/05 21:49:08
b0f6663b-6f4c-4df4-98f2-4faa83388501,97db3263-601d-4156-ba45-a89f61458212,Golden Dragon Bag Charm,ONE SIZE,28.0,In Stock,5.0,9.0,2024/01/05 21:49:10
9a6ec86e-74e9-4f08-b550-0ab06fd2d3f4,183b4d9c-5214-413f-9eca-903437550c77,Lavender Dragon Bag Charm,ONE SIZE,28.0,In Stock,5.0,9.0,2024/01/05 21:49:11
ab8ef6b6-a187-4394-ac99-278072c00c5b,5ba2225e-bfd9-45cd-abd5-05c125963dde,Little Dragon Bag Charm,ONE SIZE,23.0,In Stock,7.0,2.0,2024/01/05 21:49:13
00231fa0-faaf-449b-adcc-94c5eb206641,b77f0d80-bd3b-4aba-ab7a-dab9f4a53b85,Rose Dragon Bag Charm,ONE SIZE,28.0,In Stock,5.0,9.0,2024/01/05 21:49:15
5e6a7c24-8913-4314-b6a6-2485fd4e9dfe,88a5d0f5-2da0-4874-a9dd-40e9e30e6b3b,Snow Dragon Bag Charm,ONE SIZE,28.0,In Stock,5.0,9.0,2024/01/05 21:49:16
64059116-6036-4ffd-8ee9-f30cf6847929,4386a597-ec69-48a1-b9fd-c6dc85ac9ecc,Aimee Sheep,ONE SIZE,40.0,In Stock,8.0,9.0,2024/01/05 21:49:18
741bf2f0-435b-45e6-b1cd-833d3690608a,5f530a2e-7e83-4b14-8d9b-83b714186711,Bashful Red Love Heart Bunny,MEDIUM,32.0,In Stock,12.0,5.0,2024/01/05 21:49:20
235e5b44-d912-493f-8611-35dbe56a6258,5f530a2e-7e83-4b14-8d9b-83b714186711,Bashful Red Love Heart Bunny,SMALL,25.0,In Stock,7.0,4.0,2024/01/05 21:49:20
c32af9a2-72ed-473d-8541-9ceec40e8d30,8ec2826f-9352-4ac7-aa37-258cc6dd340e,Fabian Frog Prince,ONE SIZE,40.0,In Stock,9.0,8.0,2024/01/05 21:49:21
8211c273-397d-447f-adb0-bde935cbcadc,4a886d24-e137-4f3d-be60-37de105c8a13,Loulou Love Bug,ONE SIZE,20.0,In Stock,2.0,5.0,2024/01/05 21:49:22
1969ce43-da32-4c59-88b6-0cf5ce6628a8,4a2694d9-79d4-4072-92d0-fbe4bf021723,Amore Bunny,MEDIUM,40.0,In Stock,10.0,7.0,2024/01/05 21:49:24
1c2c070c-b355-42da-a786-19a707302e7d,73152c86-8ec2-4b1c-be82-75770e700eea,Bibbly Bobbly Sheep,ONE SIZE,55.0,In Stock,14.0,9.0,2024/01/05 21:49:26
a032d9a2-20fe-4cec-a047-664f5ee1e8f3,a80c71d2-6b1f-45a4-bb95-aad814d46b91,Brynlee Bee,ONE SIZE,28.0,In Stock,5.0,6.0,2024/01/05 21:49:27
69f471fb-f599-4900-9228-b06aed4b8575,def082a0-9e6b-4400-afcb-0e23a3e89a33,Bartholomew Bear Bathrobe,MEDIUM,45.0,In Stock,10.0,5.0,2024/01/05 21:49:29
33187b55-7da0-41e6-bf84-f1f9cf251f0a,c519de78-6720-4002-9735-e463f7c404ce,Bashful Duckling,MEDIUM,28.0,In Stock,12.0,5.0,2024/01/05 21:49:30
8663c27f-85ac-490b-a2ea-c6ec2a31c6bd,5bf8b7a1-165d-43b7-b396-01c40ddea20c,Bashful Moss Bunny,MEDIUM,28.0,In Stock,12.0,5.0,2024/01/05 21:49:32
399d7149-4f0a-4af4-8639-0364a52b4d0e,5bf8b7a1-165d-43b7-b396-01c40ddea20c,Bashful Moss Bunny,SMALL,18.0,In Stock,7.0,4.0,2024/01/05 21:49:32
046187ba-edd3-486c-8966-f06bb3af59d3,a4133b53-0f98-4b79-b485-be7157525e5e,Bashful Viola Bunny,MEDIUM,28.0,In Stock,12.0,5.0,2024/01/05 21:49:34
68a91d10-7453-4245-b9e9-01e1e354a185,a4133b53-0f98-4b79-b485-be7157525e5e,Bashful Viola Bunny,SMALL,18.0,In Stock,7.0,4.0,2024/01/05 21:49:34
3a53a352-725a-4061-b8d6-2fcb7bdf956d,f6ba0830-038f-4d23-a78e-a4f986d2b243,Bashful Bunny with Carrot,SMALL,28.0,In Stock,7.0,4.0,2024/01/05 21:49:35
4c34c12e-0dc5-49c8-8473-824b2d0faade,2dde2232-45a7-4441-a32c-b31c17869c16,Bashful Bunny with Daffodil,SMALL,28.0,In Stock,7.0,4.0,2024/01/05 21:49:37
09e51d0f-408c-4f51-8c9a-d6730df5c8d7,c6ba4214-6c11-4e56-bb5c-23f103133df2,Lottie Fairy Bunny Book,ONE SIZE,15.0,In Stock,7.0,7.0,2024/01/05 21:49:38
218984db-dd83-47f7-8afb-7fcdd7c0b092,b4d661b2-9197-4323-a704-7ec7253fcdde,Blossom Cherry Bunny,MEDIUM,28.0,In Stock,12.0,5.0,2024/01/05 21:49:40
05f04b02-cf9a-4090-99f7-8b0331d40f08,b4d661b2-9197-4323-a704-7ec7253fcdde,Blossom Cherry Bunny,SMALL,18.0,In Stock,7.0,4.0,2024/01/05 21:49:40
d6e9d0fe-6d4f-4d72-a4ed-961c8bee3de4,58e36eac-a7b5-441a-a479-67ecc168b4c9,Dainty Dessert Bunny Macaron,ONE SIZE,28.0,In Stock,5.0,5.0,2024/01/05 21:49:41
aea27e1b-30c7-4918-a3c0-dd8065ede27d,6970ca42-7d4a-47df-a4a5-d3b64e559d13,Lottie Bunny Fairy,ONE SIZE,32.5,In Stock,11.0,3.0,2024/01/05 21:49:43
1859a031-78f8-4270-92cb-0c4f650fcfc7,bdccd8c4-bd69-46d8-8cff-1225ca328ed8,Messenger Bunny,ONE SIZE,32.5,In Stock,7.0,5.0,2024/01/05 21:49:44
e047db0f-8614-45a4-869e-687c98c9d6ff,ec02b779-85ea-4aa1-a355-644831161f4b,Amore Corgi,MEDIUM,40.0,In Stock,10.0,7.0,2024/01/05 21:49:46
5d8779f7-ea27-46bf-b225-a58b9338323a,774933d6-0bde-42e6-9d38-382b40952d9b,Bartholomew Bear Pumpkin,LARGE,50.0,In Stock,14.0,8.0,2024/01/05 21:49:48
80d9e898-472c-4e4d-9fc1-98cfaadcd9d3,bbc186e1-cd53-4747-b760-3a13ab4340e8,Bashful Pegasus,MEDIUM,28.0,In Stock,12.0,5.0,2024/01/05 21:49:49
06647eec-4f25-4f63-aabb-0ceb96e9e45d,5a9e3cb4-700d-4606-b0bf-f6ffffed35f5,If I Were an Owl Board Book,ONE SIZE,13.5,In Stock,6.0,6.0,2024/01/05 21:49:51
5dd0eae5-38e3-41ed-ab3a-aa7642970af9,d9e744f0-8fb2-452a-854b-93f2a78dc13b,Betty Corgi Bag Charm,ONE SIZE,23.0,In Stock,4.0,2.0,2024/01/05 21:49:53
b4a41080-79ea-47f8-96e8-5055ec20a78d,097f8043-8481-4714-9d94-bfbde4de7060,Rory Le Courageux Petit Lion Livre (The Very Brave Lion),ONE SIZE,15.0,In Stock,9.0,9.0,2024/01/05 21:49:54
ed2b35ad-c46f-4f35-946d-856c694795fa,ff7b4b10-3439-4b71-a89b-e0c39e9ae05d,Lapin Timide Et Ses Petites Aventures Livre (Little Me),ONE SIZE,15.0,In Stock,8.0,8.0,2024/01/05 21:49:56
85baa573-5e33-4855-8e74-cdbfdfa38739,a433f4c6-6133-47d6-9520-e2d14cfc511b,Lapin Timide Veille Sur Tes Nuits Livre (The Magic Bunny),ONE SIZE,15.0,In Stock,7.0,7.0,2024/01/05 21:49:58
4a7a1542-5ead-49fa-b230-0478d70df5c8,be9cfeaa-1dff-4fd5-bde3-9e1b2fe7fb5f,Lapin Timide Veut Grandir Livre (When I Am Big),ONE SIZE,15.0,In Stock,8.0,8.0,2024/01/05 21:49:59
37417a48-42d3-4ca3-a04b-f350bf347979,c9649647-fc89-433e-976d-282659b090c4,Bodacious Beak Parrot,ONE SIZE,30.0,In Stock,9.0,4.0,2024/01/05 21:50:01
d26bb70a-0ab2-4c0d-a18c-c860dd07a4c8,2de54ef9-b4c3-42b1-b99d-430030595aba,Bodacious Beak Toucan,ONE SIZE,30.0,In Stock,9.0,4.0,2024/01/05 21:50:02
e6790187-8c2d-452d-8a14-eeb7640d1f16,7405b3bd-ead8-45e7-a00c-75e1d92a8736,Bryno Dino,ONE SIZE,55.0,In Stock,12.0,6.0,2024/01/05 21:50:04
99e66f85-8953-468d-90e3-654b3ebb9d00,3210522b-f081-4fb9-a07b-51a89b368009,Coquette Cutie Bunny,ONE SIZE,32.5,In Stock,10.0,2.0,2024/01/05 21:50:05
8cc76a8a-5d3d-46e5-acda-c5d706cde0f2,9e5a0ac1-e7c3-41c8-9b44-544f70f8d1a6,Comfy Coat Bunny,ONE SIZE,25.0,In Stock,7.0,3.0,2024/01/05 21:50:07
b590b9aa-c970-4395-8b0d-54477887edb0,802bf9f3-dadd-454d-a4ad-c26d28d5efa7,Comfy Coat Mouse,ONE SIZE,25.0,In Stock,7.0,3.0,2024/01/05 21:50:09
eb10ba9f-553d-43cc-ba35-3f7bb896c11d,a14122a8-f742-4b28-8c95-bf2a6d58c0c9,Cuddlebud Bernard Bunny,ONE SIZE,28.0,In Stock,6.0,4.0,2024/01/05 21:50:10
9740eb8f-a5f7-4168-a5b7-6fdd61de6d69,5e8ea946-a46b-4a6e-b2e4-1fff8aced81a,Cuddlebud Darcy Dormouse,ONE SIZE,28.0,In Stock,6.0,4.0,2024/01/05 21:50:12
d7fe4411-ea25-4d75-95a3-659d80253f80,c1505420-ca0c-4d53-94a7-435acb3a2eb2,Cuddlebud Morgan Mole,ONE SIZE,28.0,In Stock,6.0,4.0,2024/01/05 21:50:13
4eebe02f-a0f3-483e-bedb-8efa7d3c3bb4,12075ea9-f239-4eee-88f3-5aa7bdaf1946,Spooky Greta Gremlin,ONE SIZE,40.0,In Stock,11.0,4.0,2024/01/05 21:50:15
03e91264-99f9-485a-bc39-797b31599266,d8a9fbc5-bd67-4384-aa4f-55e78329509e,Harvey Bear,ONE SIZE,150.0,In Stock,11.0,25.0,2024/01/05 21:50:17
0121410b-626c-4be6-809f-19c6188563d1,7486bdcf-877c-4c5c-93ae-1b487c98a2a0,Huddles Grey Elephant,ONE SIZE,45.0,In Stock,10.0,6.0,2024/01/05 21:50:18
d5ab261e-fdff-48ee-bc67-b84db1b10852,cc440976-c7e8-4f45-b5a4-38b4b166ad18,Isadora Unicorn,ONE SIZE,65.0,In Stock,13.0,13.0,2024/01/05 21:50:20
5fd891f9-918a-462b-9d62-566d6f738279,8fe9ec64-b974-48a4-8e2e-20a18eca16ce,Little Dragon,ONE SIZE,22.0,In Stock,7.0,4.0,2024/01/05 21:50:21
cbd91927-07fe-46e9-9e27-ab193dd14992,7f113ea9-5095-4272-b284-679582ea2ddd,Lois Lionfish,ONE SIZE,35.0,In Stock,6.0,10.0,2024/01/05 21:50:23
8e7c962d-7961-4d9c-b8c5-71cc5856eef4,81c8d28c-59d1-44e0-9421-4b9a597f7679,Napping Nipper Westie,ONE SIZE,25.0,In Stock,4.0,6.0,2024/01/05 21:50:24
34f28cef-1f18-4df8-a652-d8c0c2c1602f,e3172d74-5d4d-40c3-b48e-7c60ef0009c2,Otto Sausage Dog Bag Charm,ONE SIZE,23.0,In Stock,4.0,2.0,2024/01/05 21:50:26
c120686e-7b10-4158-b8a7-ca05128fb60f,9742cfa1-86f2-4f1d-bdb9-393c9038c375,Ricky Rain Frog Bag,ONE SIZE,40.0,In Stock,7.0,7.0,2024/01/05 21:50:27
c237e953-0900-4ffc-94f0-ffcc9208a8f8,56438f8e-a192-4c46-997f-367ff3700db7,Stellan Sabre Tooth Tiger,ONE SIZE,75.0,In Stock,19.0,7.0,2024/01/05 21:50:29
8b489ad4-4a10-4223-827e-eee0ff90a9d8,b2c4b7ab-7f64-4fde-9368-668018297256,Sweater French Bulldog Purple,ONE SIZE,32.5,In Stock,7.0,7.0,2024/01/05 21:50:31
6323b9c4-c41c-449a-81a7-be3774e830d9,f3bf5d30-c453-4951-b630-83968f5993a6,Bashful Snow Tiger Soother,ONE SIZE,25.0,In Stock,13.0,13.0,2024/01/05 21:50:32
e06ff78c-039a-419e-a48c-f0390169f067,7fd8cd09-f6c3-4c86-9de0-9d80847c5b11,Spindleshanks Spider,SMALL,27.5,In Stock,3.0,14.0,2024/01/05 21:50:34
aa6f6f25-5c04-49c4-bb5d-a5c62537ca68,638c5019-2460-4e8c-a4d2-eb45343f627c,Stanley Stick Insect,ONE SIZE,28.0,In Stock,3.0,11.0,2024/01/05 21:50:35
6ed7f885-5269-48b6-91da-026a4a2f4df7,fa5be291-a1c5-4015-b02a-071669169c88,Timmy Turtle,ONE SIZE,40.0,In Stock,11.0,8.0,2024/01/05 21:50:37
7bfa828e-10ac-4c7f-aab2-5efeb81c5f9c,ff85e9e9-e9f8-4382-8141-81dff7ebc147,Viggo Mammoth,ONE SIZE,75.0,In Stock,19.0,7.0,2024/01/05 21:50:38
f64e8352-3b39-4c39-b93c-e88ed9aa8171,4aab8e67-76cc-4c46-a716-f21a440fea62,Maya Octopus,REALLY BIG,130.0,In Stock,30.0,12.0,2024/01/05 21:50:43
7864bcad-312e-4e5b-b557-945baa207b7d,4aab8e67-76cc-4c46-a716-f21a440fea62,Maya Octopus,LARGE,53.0,In Stock,19.0,7.0,2024/01/05 21:50:43
76923d2a-3627-4e23-a810-a34295dc387c,4aab8e67-76cc-4c46-a716-f21a440fea62,Maya Octopus,LITTLE,30.0,Returning to stock 3-4 weeks,9.0,4.0,2024/01/05 21:50:43
465cb017-782d-47ed-8d95-6b06350c1e35,4aab8e67-76cc-4c46-a716-f21a440fea62,Maya Octopus,TINY,18.0,Returning to stock 3-4 weeks,6.0,3.0,2024/01/05 21:50:43
dfdd25d7-67ac-4c4d-9fe2-aee17a652cc6,4f289fd3-c80b-464c-8aca-9b93fdf7b798,Albert Jack Russell,ONE SIZE,30.0,In Stock,7.0,6.0,2024/01/05 21:50:45
bd95bc9a-071d-41db-953f-a872d8600fcd,e5124a97-4dd0-410b-b21b-9268ed3b5fb4,Birdling Hummingbird,ONE SIZE,17.0,In Stock,4.0,2.0,2024/01/05 21:50:46
085afaf7-832f-424a-a3c4-8a3b99b043d8,76132272-9966-4f8b-b402-218fbb5472dc,Bartholomew Bear Bedtime,MEDIUM,30.0,In Stock,10.0,5.0,2024/01/05 21:50:48
b56a6678-a0f6-4703-8f89-a786bee67993,8c17b8fe-2d2b-4270-9272-808016c47a46,Bashful Christmas Bunny,MEDIUM,27.5,In Stock,12.0,5.0,2024/01/05 21:50:49
068808ee-9a07-4e70-954a-41dd402b1f27,3e07a7b3-edeb-4f0b-a99c-742cc332301c,Bashful Luxe Bunny Luna,HUGE,85.0,In Stock,20.0,8.0,2024/01/05 21:50:51
99ace204-4aac-41cf-91de-c0c6e825c3d4,3e07a7b3-edeb-4f0b-a99c-742cc332301c,Bashful Luxe Bunny Luna,MEDIUM,35.0,In Stock,12.0,5.0,2024/01/05 21:50:51
b9cffe15-1d1e-4a92-84b1-bc78f117d5e0,3397c24d-1281-403d-af4e-bffc37c1b7e0,Bashful Christmas Bunny Decoration,TINY,15.0,In Stock,5.0,2.0,2024/01/05 21:50:53
a7c62feb-599a-46d2-9d22-062041e85c75,9009d926-299f-49a9-aecb-5192e0cb6024,Merry Mouse Book,ONE SIZE,15.0,In Stock,7.0,7.0,2024/01/05 21:50:54
0e178682-4791-4759-a3f8-efde365f9a03,7abfa683-04e0-4b64-bcea-c392174d6c85,Otto’s Snowy Christmas Book,ONE SIZE,15.0,In Stock,7.0,9.0,2024/01/05 21:50:56
d0e4e5ec-3dc0-4204-92d9-de1ea448315c,13c41b42-e6c0-4f61-b4c1-dae888024aca,The Playful Polar Bears Book,ONE SIZE,15.0,In Stock,8.0,8.0,2024/01/05 21:50:58
19c451a6-bacd-4221-abfd-8a22959fbce9,b3d3a433-d906-4414-a302-827551c9e3e3,Mitzi Reindeer’s Dream Book,ONE SIZE,15.0,In Stock,8.0,8.0,2024/01/05 21:50:59
86d99643-51bd-4321-83d6-4f7cd3016e28,bcc41b47-9197-4df0-a482-0afbff3eb4e4,Festive Folly Penguin,ONE SIZE,12.5,In Stock,4.0,2.0,2024/01/05 21:51:01
b5df2e5a-d95e-4ed4-8f42-a0b62302096e,51498ab7-d9f3-445d-9667-901e1861082b,Sofia Reindeer,ONE SIZE,60.0,In Stock,17.0,5.0,2024/01/05 21:51:03
54be6bbc-1ee9-4c6e-97e2-2b6b222e9124,7043b616-3a56-48fb-a8ae-6cf99786e7fe,Christmas Grizzo,ONE SIZE,37.5,In Stock,11.0,4.0,2024/01/05 21:51:04
87570dde-0bc7-4cbb-8c42-db85e19599d8,de6a7220-1d9e-4b70-b02d-076b6e66fa69,Maurice Macaroni Penguin,ONE SIZE,32.5,In Stock,8.0,5.0,2024/01/05 21:51:06
591a7b21-b26a-4356-a4e7-e0f559f29867,7fa1257f-bd24-48d8-81b0-bc415f297a1c,Merry Mouse,ONE SIZE,27.5,In Stock,7.0,4.0,2024/01/05 21:51:07
f3c1840b-1b4e-4f54-8ef0-754068c6dcf9,5fdc3ceb-d530-406b-83ff-ed919e843820,Merry Mouse Present,ONE SIZE,27.5,In Stock,7.0,4.0,2024/01/05 21:51:09
8dfd6799-c9cd-4008-9f8e-3ee998f2352f,12ad4409-0c3e-4ec8-bc1a-0efdf40cee8e,Merry Mouse Skiing,ONE SIZE,37.5,In Stock,8.0,5.0,2024/01/05 21:51:10
615c7a9f-edc7-4ccb-a359-cb1939fec33a,05e91161-2218-472b-9892-f9576f2b2c37,Winter Warmer Otto Sausage Dog,ONE SIZE,32.5,In Stock,6.0,3.0,2024/01/05 21:51:12
905270e2-7cc4-4d8d-87a1-79b38ffc97e2,8ea3ad4d-a882-4984-ad75-e38c749446e4,Personalised Bashful Luxe Bunny Luna Huge,HUGE,91.0,In Stock,20.0,8.0,2024/01/05 21:51:14
31cf93d5-a9d7-4396-93d8-cc225b6caf8e,5871105d-4bdb-43f2-8925-445cbbf4595b,Personalised Bashful Luxe Bunny Luna Medium,MEDIUM,41.0,In Stock,12.0,5.0,2024/01/05 21:51:16
c7be77cc-3a4c-4861-bde0-a438555192ca,20de03f3-1f9d-4e77-9630-c54abe4a2af6,Winter Warmer Pippa Black Labrador,ONE SIZE,32.5,In Stock,9.0,3.0,2024/01/05 21:51:17
e28cadfc-64e9-40e6-8778-3974f36bb27b,c5a9ed52-6614-405a-ab01-9f47b22e9f56,Santa Ricky Rain Frog,ONE SIZE,35.0,In Stock,6.0,5.0,2024/01/05 21:51:19
b76f8596-e730-4368-ae91-8a365a40c8fd,ff4baf43-449e-4e31-9ea7-4f3f6a9fb379,Otto's Snowy Christmas Book & Winter Warmer Otto Sausage Dog,ONE SIZE,47.5,In Stock,,,2024/01/05 21:51:20
ca79a939-06fb-4cfd-9982-7c4a1c1db2e0,77a0b1a1-9cec-4a8b-ba1d-d1ab7d1d6bf7,Amuseabean Bunny,ONE SIZE,20.0,In Stock,4.0,4.0,2024/01/05 21:51:22
ec9597da-def4-4f9b-a36f-2102a1e14f0a,b8de05f1-4322-4fd0-a58a-39d57c8fa210,Amuseabean Highland Cow,ONE SIZE,20.0,In Stock,4.0,4.0,2024/01/05 21:51:24
902e3c2f-1659-4d3b-a359-5affd4d53870,9637ba6d-e08b-43d9-ba24-13b84d6044f4,Amuseabean Ram,ONE SIZE,20.0,In Stock,4.0,4.0,2024/01/05 21:51:26
825ef404-171d-4702-905f-2a0c81267cf3,c31c61ab-f259-4c98-98c1-294a79603f34,Bashful Luxe Bunny Rosa,HUGE,85.0,More on the way,20.0,8.0,2024/01/05 21:51:28
158550d7-ebb0-4858-9cff-e54adf946d50,c31c61ab-f259-4c98-98c1-294a79603f34,Bashful Luxe Bunny Rosa,MEDIUM,35.0,In Stock,12.0,5.0,2024/01/05 21:51:28
201d899a-a069-4ff8-9aa2-e1c6eb85244a,f5ccd5f9-68bb-467f-b5c9-e42e8ec6a904,Bashful Sloth,MEDIUM,28.0,In Stock,11.0,5.0,2024/01/05 21:51:30
db7fa03b-87f6-4409-bcac-c1d4bf5554a7,100d6c43-4cab-4fa1-a6f0-f018afa334c4,Bashful Luxe Bunny Willow,HUGE,85.0,In Stock,20.0,8.0,2024/01/05 21:51:33
80277d7f-c41e-42cd-8fe2-5b74c92e42ed,100d6c43-4cab-4fa1-a6f0-f018afa334c4,Bashful Luxe Bunny Willow,MEDIUM,35.0,In Stock,12.0,5.0,2024/01/05 21:51:33
0b98d9a0-8c08-4c04-8716-86608638c2c2,daf66f46-a237-44df-8828-3ac78e8cfee4,Birdling Goldfinch,ONE SIZE,17.0,In Stock,4.0,3.0,2024/01/05 21:51:34
c5676cb3-3b2f-4c85-9f70-b1125fa13ed4,de0d4789-9252-4868-9407-d970033c02ed,Birdling Swallow,ONE SIZE,17.0,In Stock,4.0,3.0,2024/01/05 21:51:36
26be3256-1fd4-4e66-958f-c5abed719e89,c8aa6490-7e81-454b-9a43-6c5dcc08dcd1,Blowzy Belle Sheep,ONE SIZE,37.5,In Stock,16.0,4.0,2024/01/05 21:51:38
3b35dc58-1e8f-4780-bdcd-9783c641133b,5f55aff8-54b1-4216-9b31-e1547805cee6,Fou Fou Ostrich,ONE SIZE,28.5,In Stock,8.0,6.0,2024/01/05 21:51:39
007585c5-3bd3-436a-ad31-e9afdf7eb83d,4302a59d-7cba-46cb-af41-f0e75aa3cf83,Fou Fou Peacock,ONE SIZE,28.5,In Stock,8.0,6.0,2024/01/05 21:51:41
1fde6dba-4d3d-4d2d-83cb-061b4306d094,1a4ad710-064d-4917-84a5-9ddf1c0e2cea,Fuzzkin Monkey,ONE SIZE,25.0,In Stock,9.0,4.0,2024/01/05 21:51:42
c2dc1d3e-b532-4a56-9bad-17c041b47c00,fecde96f-7c2a-424e-a436-178232f789fd,Ginny Goat,ONE SIZE,35.0,In Stock,10.0,6.0,2024/01/05 21:51:44
e2bee856-a9e4-4f8f-b354-891ca0255d6f,49f8dd6e-9e26-414f-87bb-ee2de30552b9,Gracie Grouper Fish,ONE SIZE,30.0,In Stock,4.0,10.0,2024/01/05 21:51:46
0515a3a4-5b2f-4492-8e3c-ce8440c4265f,0890eb8b-2c92-4ab8-8345-cc0ac96f7bcb,Hector Fox Terrier,ONE SIZE,35.0,In Stock,9.0,4.0,2024/01/05 21:51:47
adc46831-19c9-4330-acca-f964dcbcda13,0c7de178-1d84-4c4b-ba01-b5fac2c60874,Jinx Monster,ONE SIZE,35.0,In Stock,17.0,6.0,2024/01/05 21:51:49
3a3e127b-1559-4e36-90ca-a625a3ebd646,ed53bc15-f64b-4f12-a035-85573565505f,Jollipop Cat,ONE SIZE,23.5,In Stock,8.0,4.0,2024/01/05 21:51:50
a3117ea8-2093-4f67-85e3-84570e97a731,7be12ebb-1f28-4f3f-aecb-37c48c7c777d,Jollipop Puppy,ONE SIZE,23.5,In Stock,8.0,4.0,2024/01/05 21:51:52
d19a1e25-852c-49ed-93eb-5c23e36c4141,4d8313f2-af60-4836-bc1f-5b2898888d8e,Bashful Sloth with Personalised Red Jumper,MEDIUM,38.0,In Stock,11.0,5.0,2024/01/05 21:51:54
4201bd4a-80dc-4808-a86c-3c72b6f7fb0a,431a7257-35fe-40f2-9065-b64641c53df0,Lavender Dragon,HUGE,120.0,In Stock,7.0,26.0,2024/01/05 21:51:56
7cb55b42-aecb-4d4e-a75b-f55dd8dbeee1,431a7257-35fe-40f2-9065-b64641c53df0,Lavender Dragon,MEDIUM,65.0,In Stock,5.0,20.0,2024/01/05 21:51:56
e467b372-816e-4272-9b59-6c599d0bd739,431a7257-35fe-40f2-9065-b64641c53df0,Lavender Dragon,LITTLE,32.5,In Stock,3.0,12.0,2024/01/05 21:51:56
2226c792-f4e2-44f6-bdf2-90b2def8e57e,ad2b4b01-20d8-4b74-8def-dab63f90ead3,Lila Ballerina Bunny,ONE SIZE,35.0,In Stock,13.0,2.0,2024/01/05 21:51:58
d11f6c82-3c08-4d3a-b0bf-f4a8b8d92452,4ba389f3-1db4-4dfb-bb22-c98e4aab68cc,Madison Monkey,ONE SIZE,32.5,In Stock,13.0,2.0,2024/01/05 21:51:59
076a4d36-9d5b-4cce-9a7d-f45782e33867,93d9eae3-bd57-4c19-a365-6c45efac6e1d,Ollivander the Orca,ONE SIZE,70.0,In Stock,9.0,25.0,2024/01/05 21:52:01
e013af4a-107b-42a4-b6aa-c05129f5c612,a0ab1afb-d360-4c94-8bfe-760e48e421e5,Oswald Orangutan,ONE SIZE,65.0,In Stock,13.0,12.0,2024/01/05 21:52:02
124db5b7-bd13-4b09-8225-a7ce8e20af5b,54dce05f-d2fe-4462-80e3-4a71cd8afca6,Personalised Bashful Luxe Bunny Willow Huge,HUGE,91.0,In Stock,20.0,8.0,2024/01/05 21:52:04
114de1e9-6fb4-409c-9618-5ffa3d892e82,7da4af1d-466c-4e6c-9bee-be354b8bf2e0,Personalised Bashful Luxe Bunny Rosa Medium,MEDIUM,41.0,In Stock,12.0,5.0,2024/01/05 21:52:06
d1a441ad-4cf2-4fa3-b63f-19dbea2172bb,05113044-8fcf-4f22-adf9-9e9fe54b128f,Personalised Bashful Luxe Bunny Willow Medium,MEDIUM,41.0,In Stock,12.0,5.0,2024/01/05 21:52:08
85e57b3a-7bc7-4f97-b7b6-eea1aa571ca3,2123b6a0-b650-4d4d-9364-658e33bc82f4,Personalised Lavender Dragon Huge,HUGE,126.0,In Stock,7.0,26.0,2024/01/05 21:52:10
8918ca5f-a361-4746-bb63-f6937c2db3df,7c6e8457-6928-419c-8d59-3bd0ac6c4054,Pippa Black Labrador,ONE SIZE,33.0,In Stock,9.0,4.0,2024/01/05 21:52:11
96f211ac-efea-40b3-9335-74bc424e9f41,64147ef8-f197-4378-bbb8-4e4af6b297cf,Quaxy Elephant,ONE SIZE,35.0,In Stock,10.0,6.0,2024/01/05 21:52:13
861a1c06-7a4a-4b80-a88f-cf54ce3b8d6a,8cc7dd81-2b16-43c4-8c49-69103cdd7991,Quaxy Pig,ONE SIZE,35.0,In Stock,10.0,6.0,2024/01/05 21:52:14
e6190643-9081-4164-b36a-c8ffbc404ecf,ebc649ef-2942-45e1-85e1-84bc9fc88e73,Ramonda Ostrich,ONE SIZE,40.0,In Stock,22.0,6.0,2024/01/05 21:52:16
2f9a7812-f50f-49b6-91b6-83d0b880d1ed,95bb3f9c-80b2-436c-8b7c-2b3cba1d7627,Rock-a-Bye Kitten,ONE SIZE,30.0,In Stock,7.0,4.0,2024/01/05 21:52:18
fb5ba4bb-1c59-4f58-8248-d198c2ee1a87,10bb928c-9834-43c8-8618-e673aa8570e7,Sweetsicle Bunny,ONE SIZE,20.0,In Stock,6.0,3.0,2024/01/05 21:52:20
918f4cb5-e540-43f1-99a3-2283394d73b1,19f5962c-d2af-444f-be53-52ce1f8de7b4,Syd Salamander,ONE SIZE,27.5,In Stock,10.0,4.0,2024/01/05 21:52:21
196fff10-bafd-4abb-89f3-8cbaa348acb8,d4f04a83-b6b7-4024-ae10-b53df2d0381f,Bashful Hot Pink Bunny,MEDIUM,28.0,In Stock,12.0,5.0,2024/01/05 21:52:24
a58008fc-23e5-4eef-816e-e832cd96b305,d4f04a83-b6b7-4024-ae10-b53df2d0381f,Bashful Hot Pink Bunny,SMALL,18.0,In Stock,7.0,4.0,2024/01/05 21:52:24
43123002-2aaa-444c-985f-068e92e08565,36fe3c1b-a09f-4318-84c9-09c98bb235bd,Bashful Sunshine Bunny,MEDIUM,28.0,In Stock,12.0,5.0,2024/01/05 21:52:26
a50f32b3-97a9-4e5e-9c82-f34506af6f60,36fe3c1b-a09f-4318-84c9-09c98bb235bd,Bashful Sunshine Bunny,SMALL,18.0,In Stock,7.0,4.0,2024/01/05 21:52:26
0fea4d8d-9c4d-42c0-be6b-a7eb8054d99f,928169d4-303e-4ccb-9e5b-518fafe527db,Goodnight Bunny Book,ONE SIZE,15.0,In Stock,7.0,7.0,2024/01/05 21:52:27
3f0eddfc-de6a-4907-9586-d00302c8f9af,3366d605-798c-4b97-b917-6ba249e7d793,Bluebell Butterfly,ONE SIZE,33.0,In Stock,8.0,13.0,2024/01/05 21:52:29
36f54d28-63eb-4b1c-970f-822193df5539,b51cf556-dba1-4464-951b-030fad4afef8,Bonnie Bunny with Egg,ONE SIZE,23.5,In Stock,6.0,3.0,2024/01/05 21:52:31
a72f037f-e53c-4037-9869-c247f29d75c1,b50ea429-2168-449b-aceb-02e8a0b6e6fc,Burly Boo Sheep,ONE SIZE,25.0,In Stock,7.0,5.0,2024/01/05 21:52:32
d04e3ed6-5624-41aa-91af-04fdcc77d5b8,47307d40-6564-4e6f-97fb-38366baeeac5,Cluny Cockerel,ONE SIZE,35.0,In Stock,9.0,5.0,2024/01/05 21:52:34
d88754d8-eaca-4a0e-90d8-09a892149b2c,b6290de6-5f61-43bc-8e84-97638910db9e,Escarfgot Purple,ONE SIZE,20.0,In Stock,6.0,3.0,2024/01/05 21:52:35
a7bab143-b968-482f-8c6e-03e9e80b33c8,53b81375-d25e-4332-8f43-9b5436639652,Escarfgot Pink,ONE SIZE,20.0,In Stock,5.0,2.0,2024/01/05 21:52:37
365833f0-12e1-4b0b-98fb-af90a1257760,959d60b0-70bf-40f0-ac03-91815515168e,Bashful Hot Pink Bunny with Personalised Cream Jumper,MEDIUM,38.0,In Stock,12.0,5.0,2024/01/05 21:52:39
342ade74-a558-4e0b-b7dc-8997ffdad49e,63e1ca90-7a44-4380-a401-5aeb551d5e63,Bashful Sunshine Bunny with Personalised Cream Jumper,MEDIUM,38.0,In Stock,12.0,5.0,2024/01/05 21:52:41
ffdcd0db-c5d2-4ad3-bbca-a366b825ae52,1e2752ae-619f-4521-9b56-4199a1dea86f,Bashful Hot Pink Bunny with Personalised Navy Jumper,MEDIUM,38.0,In Stock,12.0,5.0,2024/01/05 21:52:42
7690f404-7ae8-415c-8e7c-913c99cc7b8f,30c66062-eea3-4d23-985f-cc0058362b20,Bashful Sunshine Bunny with Personalised Navy Jumper,MEDIUM,38.0,In Stock,12.0,5.0,2024/01/05 21:52:44
89296288-4e04-46a1-88cd-43ed328faa59,bdc5419b-5336-4e3a-92e0-4e177bf7c5f8,Bashful Sunshine Bunny with Personalised Red Jumper,MEDIUM,38.0,In Stock,12.0,5.0,2024/01/05 21:52:46
43865e5a-2031-4c18-b7c5-0b73103305df,4541f922-8b36-4df9-8b58-b4688e20a8ac,Layla Ladybird,ONE SIZE,25.0,In Stock,3.0,6.0,2024/01/05 21:52:48
c6a3db51-8615-40af-afdb-60ab25998b1c,eb05e7d4-7001-4752-b927-48420b61eeb6,Nesting Bunnies,ONE SIZE,35.0,In Stock,4.0,6.0,2024/01/05 21:52:49
b76e56be-00fa-40e9-b2d2-d36cfed267e8,01c2a28e-8082-454b-a89d-5f1a8aabebe4,Personalised Bashful Hot Pink Bunny Medium,MEDIUM,34.0,In Stock,12.0,5.0,2024/01/05 21:52:51
378f1257-b5f4-40d5-a09e-d9a84d70eada,d5532c37-abe5-450b-81b9-79ae45efa21d,Personalised Bashful Sunshine Bunny Medium,MEDIUM,34.0,In Stock,12.0,5.0,2024/01/05 21:52:53
80e91bf4-53f1-4338-bed6-64c0c401b861,4cab8c47-6f92-4f98-b47f-9ab3dfb078ee,Blossom Heart Blush Bunny,ONE SIZE,17.5,In Stock,6.0,3.0,2024/01/05 21:52:54
7eac32e9-13dd-4cc0-961c-23e892308c05,874f36b1-afbc-4121-b186-7eddb0221539,Blossom Heart Tulip Bunny,ONE SIZE,17.5,In Stock,6.0,3.0,2024/01/05 21:52:56
464a2124-37b5-41f7-bc5b-d49da3dac2f8,95f48b6b-546a-480a-bb63-176da69d300f,Crowning Croaker Green Frog,ONE SIZE,17.5,In Stock,5.0,3.0,2024/01/05 21:52:57
2dc49b43-4dc3-4096-a0c4-487f7e5b26dc,a291fee3-c86b-44da-a5a3-e538b1fdb064,Love-Me Lobster,ONE SIZE,24.0,In Stock,6.0,3.0,2024/01/05 21:52:59
1e1b2ff6-5406-4365-9340-30db1e3474d8,0669413a-8ec6-40b6-bdb3-4c2bedef2193,Ambrosie Fox,ONE SIZE,35.0,In Stock,9.0,5.0,2024/01/05 21:53:01
84f744e6-7349-4cdc-b473-57ead140918a,7d41d020-b043-406c-a129-4b33f3d5a8ab,Ambrosie Hare,ONE SIZE,35.0,In Stock,9.0,4.0,2024/01/05 21:53:02
71a861a8-315f-43be-8421-ceb7b3a46326,c7f55d4c-73f0-4d3c-a9c0-e99f87ae99b3,Anoraknid Black Spider,ONE SIZE,20.0,In Stock,5.0,4.0,2024/01/05 21:53:04
d8d0cb47-8ac9-4a7a-8327-8ba4e0d28240,b1196e4d-6e2f-46e5-90b2-cb8cf2b3c4f7,Andie Axolotl,MEDIUM,32.5,In Stock,11.0,5.0,2024/01/05 21:53:06
b57d54f1-6c7e-405d-b229-20975229bc8c,b1196e4d-6e2f-46e5-90b2-cb8cf2b3c4f7,Andie Axolotl,SMALL,22.0,Out of stock,7.0,2.0,2024/01/05 21:53:06
c91a338c-dbba-4f1f-8b9c-55bb0fb3bacd,5e0752e9-3daa-42ee-85dc-bed040bcdf75,Bashful Golden Bunny,MEDIUM,28.0,In Stock,12.0,5.0,2024/01/05 21:53:08
33d28c6a-ba1e-41b4-af37-ff801e0bf86b,5e0752e9-3daa-42ee-85dc-bed040bcdf75,Bashful Golden Bunny,SMALL,18.0,In Stock,7.0,4.0,2024/01/05 21:53:08
b35da7da-b8f2-4559-a19f-41ef2ebd2d87,fae009a2-8b59-4067-8aaa-27d949d1d691,Bashful Mineral Blue Bunny,MEDIUM,28.0,In Stock,12.0,5.0,2024/01/05 21:53:10
38a41700-d00a-4bb5-85d8-927bafdd0012,fae009a2-8b59-4067-8aaa-27d949d1d691,Bashful Mineral Blue Bunny,SMALL,18.0,Out of stock,7.0,4.0,2024/01/05 21:53:10
d96be33f-09f4-45ed-8fb6-32f1a4c5c45a,5ce3dc9b-07da-4b6b-8d89-81b928316d76,Bashful Wolf,MEDIUM,28.0,In Stock,12.0,5.0,2024/01/05 21:53:11
5ac86132-043f-41df-8fa8-44efc5796adf,482a13cd-ffb3-4a54-abbe-de752184aee8,Wrapabat Black,ONE SIZE,20.0,In Stock,6.0,2.0,2024/01/05 21:53:13
1721417f-1dcb-4712-8fb3-e2776924e3c6,eef8aa7f-a588-4e77-936a-60046ba18a2b,Beatnik Buddy Poodle,ONE SIZE,28.0,In Stock,11.0,3.0,2024/01/05 21:53:15
865eb755-3c6d-473a-97c9-bcacc8052d1e,11f91380-3418-44cc-94d3-59e9a6d339c7,Beatnik Buddy Sausage Dog,ONE SIZE,28.0,In Stock,11.0,3.0,2024/01/05 21:53:16
14642f93-ed08-4663-8907-78a0e01cd3c3,ce9992e4-8152-46b7-a9c2-923f181331f5,Daddy Loves Me Book,ONE SIZE,20.0,In Stock,6.0,6.0,2024/01/05 21:53:18
57417814-47b4-4979-a73d-44b5b1f71e06,d8591e8c-3433-4a81-b553-df56ccd19d12,Mummy Loves Me Book,ONE SIZE,20.0,In Stock,6.0,6.0,2024/01/05 21:53:19
d440e6c2-1ad1-4260-a1e0-e1cab8117963,380e73d3-c10c-4c42-9fe9-6c130a8c8e9d,Backpack Wolf,ONE SIZE,30.0,In Stock,9.0,4.0,2024/01/05 21:53:21
803c1397-8859-4999-95bd-7476e0a0add0,6f85f181-689b-464b-a307-dac78653aca5,Big Spottie Unicorn,ONE SIZE,75.0,In Stock,17.0,6.0,2024/01/05 21:53:22
4538a3e7-322b-48ff-ab55-15cd370bcde9,04a820ed-3b97-46e3-8b34-a86209ad2be1,Cozy Crew Seahorse,ONE SIZE,25.0,In Stock,7.0,2.0,2024/01/05 21:53:24
626f47c5-391c-49c0-841c-3eb20a0260fd,01b5b767-4be8-4a6a-a4c9-76887516e2ff,Davey Dilophosaurus,ONE SIZE,32.5,In Stock,11.0,5.0,2024/01/05 21:53:25
449e5c2c-a014-4233-abba-07e5f7fce982,7887569b-b94e-4a0f-8cb1-a5f11fafd7ac,Delano Dorado Fish,ONE SIZE,27.5,In Stock,5.0,10.0,2024/01/05 21:53:27
479dc0d1-3712-4e16-a5dd-a7d6a538fd21,5c80844d-1479-41cc-8afe-82338487a31d,Evelyn Swan,ONE SIZE,40.0,In Stock,19.0,6.0,2024/01/05 21:53:28
70be4e9a-152d-4990-97b2-1d036972eea7,ef304c0f-fd18-496f-9de3-24f20b317d6a,Fishiful Blue,ONE SIZE,17.5,In Stock,5.0,6.0,2024/01/05 21:53:31
a08d3119-5cc7-423f-8166-dfd5ea488806,7da606d9-9051-48cb-ad33-e63a5fb3c227,Fishiful Orange,ONE SIZE,17.5,In Stock,5.0,6.0,2024/01/05 21:53:33
22544841-8246-4321-8def-24d2f9bd528b,4cfb31ea-f981-4380-8f82-3c55be607f17,Fishiful Pink,ONE SIZE,17.5,In Stock,5.0,6.0,2024/01/05 21:53:34
79989630-01c3-477e-8ab5-21b6803f115c,8a8d7aa6-aff9-429e-b240-806b0214bd18,Forest Fauna Bear,ONE SIZE,32.5,In Stock,7.0,6.0,2024/01/05 21:53:36
239a8984-60cb-4822-aab0-1d7ffd7b9363,adeaa5ad-9ef1-4c58-9100-0984932c5caf,Forest Fauna Frog,ONE SIZE,32.5,In Stock,8.0,4.0,2024/01/05 21:53:37
53d3f36c-19aa-42e3-963d-cf3f81648340,eb94c053-4db6-43d6-9f0c-b4d2614978fb,Forest Fauna Owl,ONE SIZE,32.5,In Stock,7.0,4.0,2024/01/05 21:53:39
90f71b6d-7ad1-4478-9d0c-533308bd008c,f9e55f82-5fd8-4f96-90c5-c46c08e9ffcf,Freddie Sausage Dog,LARGE,30.0,Out of stock,7.0,7.0,2024/01/05 21:53:41
c20b0f51-eab9-4814-ba77-f7a32a184aa7,f9e55f82-5fd8-4f96-90c5-c46c08e9ffcf,Freddie Sausage Dog,SMALL,22.0,In Stock,5.0,7.0,2024/01/05 21:53:41
43ce80cd-ae89-466d-81cc-ecfc4e8fc305,f2c684b0-92a3-4f48-a43d-24dd60be7f31,Glamorama Cat,ONE SIZE,40.0,In Stock,16.0,4.0,2024/01/05 21:53:43
0f64680c-a409-400a-8a4d-d44fc4135581,4f5c2b64-fd25-470a-8848-0104f618927d,Glamorama Pig,ONE SIZE,40.0,In Stock,11.0,6.0,2024/01/05 21:53:45
919c400c-4fb4-4646-b636-d1614ea475d1,6c123c9b-2a71-458e-bbde-786049b8f30c,Grizzo Gremlin,ONE SIZE,35.0,In Stock,11.0,4.0,2024/01/05 21:53:46
da4e012c-6c4c-428c-b1af-feb62fa4b20b,04cb8fb6-fdc8-43fe-abe5-3e7136743377,Hamish Hedgehog,ONE SIZE,75.0,In Stock,8.0,16.0,2024/01/05 21:53:48
e01c9d99-a83e-42b3-9e90-7a06e1a31438,4e56ed34-0dc5-41ad-a845-59d3585ec750,Humphrey the Humpback Whale,ONE SIZE,85.0,In Stock,8.0,20.0,2024/01/05 21:53:49
cd4b8ea0-0771-4510-89b6-7113b653ff75,9f824393-18f9-45fe-8a21-091b4fb542ec,Bashful Golden Bunny with Personalised Cream Jumper,MEDIUM,38.0,In Stock,12.0,5.0,2024/01/05 21:53:51
ea259d32-1f3e-41a7-8211-3e305e004a7a,2145db8e-9df3-4458-97b0-d39becbe5beb,Bashful Mineral Blue Bunny with Personalised Cream Jumper,MEDIUM,38.0,In Stock,12.0,5.0,2024/01/05 21:53:53
c7531f28-41eb-4503-9106-93a9b92a0ec0,839031c6-2ba9-4e15-a829-ae64481921e6,Bashful Golden Bunny with Personalised Navy Jumper,MEDIUM,38.0,In Stock,12.0,5.0,2024/01/05 21:53:55
1d633a49-6c20-4fcc-9bc0-cedb77b18d74,b0976fcd-40ff-4d18-a7c6-fd93c6b01291,Bashful Mineral Blue Bunny with Personalised Navy Jumper,MEDIUM,38.0,In Stock,12.0,5.0,2024/01/05 21:53:57
202dbe95-4593-432b-84d7-4d9005c1b39d,43903639-3b87-4c22-abbd-51736e4e2852,Bashful Golden Bunny with Personalised Red Jumper,MEDIUM,38.0,In Stock,12.0,5.0,2024/01/05 21:53:59
399a9d61-fba7-47cd-a218-ce16a3c7cffc,6348d2bb-8c79-4d9e-8b3d-6c233a778554,Bashful Mineral Blue Bunny with Personalised Red Jumper,MEDIUM,38.0,In Stock,12.0,5.0,2024/01/05 21:54:01
038ee671-1206-408c-9e09-07eb24645219,67a48421-1f73-4027-9355-6f6ca34bccb4,Bashful Wolf with Personalised Red Jumper,MEDIUM,38.0,In Stock,12.0,5.0,2024/01/05 21:54:03
c5350feb-c4e9-44d7-83cf-44be973140c3,d35900dd-12be-4906-95e3-759ccef9f9d5,Little Tiger,ONE SIZE,22.0,In Stock,7.0,4.0,2024/01/05 21:54:05
426c1899-9cea-4730-9118-7b8a28860170,78f0ab44-86bf-4985-947f-56deb1f8f4d4,Letty Jellyfish,ONE SIZE,39.5,In Stock,23.0,6.0,2024/01/05 21:54:06
081eefb8-8ef5-4348-8671-e9fc8721cd68,44accab2-71e7-434c-9ce0-af0ba742e7e0,Napping Nipper Dog,ONE SIZE,25.0,In Stock,4.0,6.0,2024/01/05 21:54:08
32be6060-41e2-484f-a5af-279011a902f5,30dd7230-bf99-4931-8f4f-b45d2c6e5c72,Nippit Beaver,ONE SIZE,15.0,In Stock,5.0,3.0,2024/01/05 21:54:09
a80da2d2-ae2b-4f11-9206-5d296f2d167c,20e4c978-1b0f-4c80-8678-a233db574559,Nippit Owl,ONE SIZE,15.0,In Stock,5.0,3.0,2024/01/05 21:54:11
839f8bd9-3203-4057-b895-7b578bbe50f9,1fa7b093-f9c4-4383-9643-f2f4b907c8b2,Oakley Owl,ONE SIZE,32.5,In Stock,9.0,5.0,2024/01/05 21:54:12
b1dd48f8-0758-4a2a-834c-04c4d82a3911,cc953e94-b0f0-45f9-a851-7011ac15821b,Oberon Owl,ONE SIZE,30.0,In Stock,10.0,5.0,2024/01/05 21:54:14
d9169474-fb1e-407d-9605-142d978c2fb9,4b0ad95c-1c86-44e0-9e8c-c7cc362141d8,Pongo Orangutan,HUGE,65.0,In Stock,23.0,7.0,2024/01/05 21:54:16
bb7b6258-b0b3-4b20-8370-5f913f35208b,6af1781b-e262-4dac-baed-595c4e0063da,Personalised Bashful Golden Bunny Medium,MEDIUM,34.0,In Stock,12.0,5.0,2024/01/05 21:54:17
22ef8eaa-0b59-4f3d-be33-5846312a9db4,eda92d68-89ba-4bc9-8eba-f7e5e3e827e7,Personalised Bashful Mineral Blue Bunny Medium,MEDIUM,34.0,In Stock,12.0,5.0,2024/01/05 21:54:19
6a7343fb-1bf0-4ce2-9ceb-3ec34c3e5f6a,3adf2b70-7971-4311-86e7-502460b2fd0b,Pip Monster,SMALL,22.5,In Stock,9.0,4.0,2024/01/05 21:54:21
b7023db4-6551-4fee-8c73-34c4b35b28be,2b514892-4775-425f-88ae-cbfc5de03b57,Rock-a-Bye Mouse,ONE SIZE,30.0,In Stock,7.0,4.0,2024/01/05 21:54:23
2a1c4fd7-f13c-4da3-b467-7ee83285d871,8b088d31-50eb-4418-885d-b39b6fff1166,Sweater Sausage Dog Pink,ONE SIZE,32.5,In Stock,6.0,3.0,2024/01/05 21:54:24
fd0295ce-3f48-458c-ad12-1eac7171f7d2,bcd12592-debf-4319-9583-3fa5c03347a4,Sweater Sausage Dog Yellow,ONE SIZE,32.5,In Stock,6.0,3.0,2024/01/05 21:54:26
c89f50a7-6716-4e27-82ee-c0b7a4057aae,cd54063d-fee5-44cf-b7fe-192e68e1b389,Seraphina Pegasus,ONE SIZE,68.5,In Stock,9.0,20.0,2024/01/05 21:54:28
b76e42f3-4d08-4a09-b17b-6e0a616bb4b3,5480be2c-48a4-43ad-a850-c07c10175481,Sigmund Seal,ONE SIZE,50.0,In Stock,7.0,13.0,2024/01/05 21:54:29
a017bc20-35a3-4d71-a112-ff535e71e7cc,6fef25a2-c9e8-4804-a188-b811ede52159,Snoozling Hedgehog,ONE SIZE,36.0,In Stock,11.0,6.0,2024/01/05 21:54:31
c21f5156-eb8d-4025-8866-e982e75f82e8,44f04851-822a-482e-85b0-c8c15c70bc0d,Spindleshanks Crab,ONE SIZE,33.0,In Stock,3.0,15.0,2024/01/05 21:54:32
c8d5a480-21c5-46be-b494-f8ff849f48a3,20727f0a-e1c1-4451-adda-29428547776a,Splootie Elephant,ONE SIZE,68.0,In Stock,7.0,22.0,2024/01/05 21:54:34
dc2ef85c-5d49-4805-84ee-49cfaa336325,d38812a8-59f5-4bde-99b0-acdd2fbf4483,Wee Owl,ONE SIZE,17.5,In Stock,5.0,3.0,2024/01/05 21:54:35
533e8d71-232b-4abc-aa9a-aed9d421e431,6fb62f71-fcfe-4a9e-8c61-a0c5efd118c8,Birdling Robin,ONE SIZE,17.0,In Stock,4.0,3.0,2024/01/05 21:54:37
84fa4bbf-4fea-4b58-986d-f81a7dba5942,0e4179d7-6506-4480-9dd4-7f9c9ea98065,Shimmer Stocking Bunny,ONE SIZE,28.5,In Stock,8.0,4.0,2024/01/05 21:54:39
0d702f88-a982-4c6d-8a09-b7ad0fedafd8,a34efa7e-8a11-4cd8-b044-287cb257b52f,Ambalie Bear,ONE SIZE,30.0,In Stock,9.0,6.0,2024/01/05 21:54:40
b2286baf-6ee9-4a55-9492-abb218f2a172,4244ddfe-1515-4e61-b743-b0346deedfa4,Ambalie Bunny,ONE SIZE,30.0,In Stock,9.0,6.0,2024/01/05 21:54:42
528995a0-5be9-44c2-9045-df5035affe65,45070a16-4ab1-49f8-84ea-dd9ee390b3f8,Bashful Zebra,MEDIUM,28.0,In Stock,12.0,5.0,2024/01/05 21:54:43
8f6a26c9-8dc2-4e44-84ce-a4d3848ccc35,116dee67-2a35-40ad-b885-4a734c42a7cf,If I Were An Owl Book,ONE SIZE,13.5,In Stock,6.0,6.0,2024/01/05 21:54:45
5f081bb0-0754-42a7-8244-bfdb23cbfdfb,74b4f10f-80cc-4d7c-a4f4-0502df8d0fe6,Betty Corgi,HUGE,75.0,More on the way,13.0,13.0,2024/01/05 21:54:47
ca25f8f8-b4bc-4097-9241-28b3ffccce7b,74b4f10f-80cc-4d7c-a4f4-0502df8d0fe6,Betty Corgi,MEDIUM,30.0,In Stock,7.0,10.0,2024/01/05 21:54:47
1cf984c8-0062-4e1e-b05a-ceb4e6bc6c11,b1341296-57c3-43ce-bcdb-259887c82936,Big Spottie Giraffe,ONE SIZE,75.0,In Stock,19.0,6.0,2024/01/05 21:54:49
5a750181-f995-468e-98a5-853ec925dddd,801cf579-8589-45cc-80b0-4ef55693fcdc,Big Spottie T-Rex,ONE SIZE,75.0,In Stock,18.0,6.0,2024/01/05 21:54:50
63f9649a-a095-4ce4-8af2-e70d11c452e3,821c2146-9b0c-48e0-a7bf-902a6ce6ca1a,Cruz Crested Newt,ONE SIZE,32.5,In Stock,12.0,4.0,2024/01/05 21:54:52
182c3fb8-21c9-4541-94fd-8b7fea142c23,b0fda03e-705c-4521-ae0d-aa877e7eef0c,Cooper Doodle Dog,ONE SIZE,33.0,In Stock,9.0,8.0,2024/01/05 21:54:53
1fe21091-a533-4840-b8fb-b75d8b002864,5cb36c5f-48e3-4105-b6ef-099ccbc78ce3,Happihoop Owl,ONE SIZE,32.0,In Stock,8.0,4.0,2024/01/05 21:54:55
c7f5c94c-3a43-4918-ab83-0e28dac479ae,8cc8d9ef-39b4-402f-bd4d-2a3ac03d0b7a,Harper Pup,ONE SIZE,55.0,In Stock,15.0,9.0,2024/01/05 21:54:56
eed31d14-2e6e-4233-abe8-a2a0328ad3b8,5049f3e6-c981-4e32-868c-0a6039da9827,Hibernating Bunny,ONE SIZE,22.0,In Stock,5.0,5.0,2024/01/05 21:54:58
c5a9f2ea-eff8-41b1-bafe-dc96f512ff4d,caf05ec8-679a-45bb-860f-65b409340aa4,Higgledy Piggledy Old Spot,REALLY BIG,175.0,In Stock,17.0,22.0,2024/01/05 21:55:00
051e7a34-a691-4225-b93c-16154a86ff38,caf05ec8-679a-45bb-860f-65b409340aa4,Higgledy Piggledy Old Spot,HUGE,130.0,In Stock,13.0,16.0,2024/01/05 21:55:00
5f9c201e-bb5d-4941-b730-c5d37aef05c2,caf05ec8-679a-45bb-860f-65b409340aa4,Higgledy Piggledy Old Spot,SMALL,22.0,Returning to stock next week,4.0,6.0,2024/01/05 21:55:00
dfab361c-454b-4835-a447-f704e24d43b1,deec623d-003e-4e91-b65b-092416a9f98a,Huddles Bunny,ONE SIZE,45.0,In Stock,9.0,6.0,2024/01/05 21:55:02
a781b872-1d4f-4f7c-a204-d51fe3197749,141d0faa-4c5f-4f02-b470-5a5a89088ffc,Huddles Duck,ONE SIZE,45.0,In Stock,9.0,6.0,2024/01/05 21:55:03
e0c92cdf-d419-436d-8d6b-c31948de4d37,9b2465c6-c80a-4744-8d0a-a3e1dd9eac5e,Jubjub Gookie,ONE SIZE,30.0,In Stock,9.0,4.0,2024/01/05 21:55:05
997e33de-18aa-4d50-8953-016c188d6beb,c9f6d68c-3372-4a80-b841-4de1950cbf95,Mack Mudskipper,ONE SIZE,28.5,In Stock,10.0,4.0,2024/01/05 21:55:07
737acaa1-98c7-49cf-b35e-849dc69b27e3,115e9ac5-d6ee-4ad2-9465-85c2e97d563e,Obbie Octopus,ONE SIZE,40.0,In Stock,11.0,10.0,2024/01/05 21:55:09
5af8fffe-1a5d-4863-b96d-cb146b2eb841,a4e8e39c-5ed9-404e-b30d-ad275104f479,Orson Horse,ONE SIZE,35.0,In Stock,14.0,5.0,2024/01/05 21:55:10
8361d546-5635-4ce0-8959-c6b4bfc43325,4b9ec49a-e3a5-425b-87b0-4eb22a3926dc,Peek-a-Boo Elly Activity Toy,ONE SIZE,32.0,In Stock,6.0,5.0,2024/01/05 21:55:12
93d7feba-240b-4f0c-a097-d60ab8c448de,165902d3-d244-4ae1-8027-0349fd22777a,Penny Praying Mantis,ONE SIZE,32.5,In Stock,9.0,8.0,2024/01/05 21:55:13
49baea7f-67ed-43b2-b435-1c277552a421,dd411d9c-6946-4727-b95b-318288a00947,Ribble Dog,ONE SIZE,30.0,In Stock,14.0,4.0,2024/01/05 21:55:15
79e34b6e-240e-478d-af33-f6603bc3c8cf,c83edd93-382b-4c88-ba48-be8fc8f31d1c,Ribble Elephant,ONE SIZE,30.0,In Stock,15.0,4.0,2024/01/05 21:55:17
c86c1a02-2ac0-442a-911a-8c77470f24a2,aec0b80f-8d84-4960-b2dd-05b11d8b18a8,Ribble Giraffe,ONE SIZE,30.0,In Stock,16.0,4.0,2024/01/05 21:55:18
36751315-70a1-466f-bf0a-5d98005eba36,0f4ff2a7-5502-4ebe-8887-57757cf94ef9,Rose Dragon,HUGE,120.0,In Stock,7.0,26.0,2024/01/05 21:55:21
7ba68537-71ef-42e6-87d8-9e83e117ba7c,0f4ff2a7-5502-4ebe-8887-57757cf94ef9,Rose Dragon,MEDIUM,65.0,In Stock,5.0,20.0,2024/01/05 21:55:21
04876d9b-62f4-4922-b63d-6ec5399d5a6f,0f4ff2a7-5502-4ebe-8887-57757cf94ef9,Rose Dragon,LITTLE,32.5,In Stock,3.0,12.0,2024/01/05 21:55:21
45ad022b-6ddd-44e0-a19a-b43b18464260,1449b573-25cc-4dd2-8fbd-011494659e7d,Ricky Rain Frog,LARGE,60.0,In Stock,10.0,12.0,2024/01/05 21:55:23
4865096f-4173-4db9-9de2-2de7dc9c0103,1449b573-25cc-4dd2-8fbd-011494659e7d,Ricky Rain Frog,MEDIUM,28.0,More on the way,5.0,7.0,2024/01/05 21:55:23
a4309b77-70d3-4536-b784-4409cb55b414,b5a21cea-1dc8-467c-9ebe-de5749a07e54,Rufus Bear,LARGE,45.0,In Stock,15.0,5.0,2024/01/05 21:55:24
7e41fabe-2252-4c1a-95f1-18acc5ff7065,b5a21cea-1dc8-467c-9ebe-de5749a07e54,Rufus Bear,MEDIUM,27.5,In Stock,11.0,4.0,2024/01/05 21:55:24
8502c9fb-30ca-4235-a82d-73b20e53e430,29945121-90d9-457c-87fc-9fcaea994785,Snuggler Puppy,ONE SIZE,25.0,In Stock,9.0,5.0,2024/01/05 21:55:26
a5eb93b4-2426-4853-8773-be8efa834e4e,80e443c6-d3aa-4e0b-9cd7-b7572bb6e1b2,Taylor Tiger,LARGE,80.0,More on the way,6.0,18.0,2024/01/05 21:55:28
e404a058-87e3-424e-8ba1-61b8a5bc2c68,80e443c6-d3aa-4e0b-9cd7-b7572bb6e1b2,Taylor Tiger,LITTLE,35.0,In Stock,3.0,11.0,2024/01/05 21:55:28
fcb7c388-e9e3-4d48-953c-999f7c92aa0b,a8d938e9-23c5-4d85-bf61-f1d53cd218b4,Willow Hedgehog,ONE SIZE,23.5,In Stock,7.0,4.0,2024/01/05 21:55:30
d2c5e90d-3e3a-42a2-9c2c-ec265feadc25,224ba04b-fe27-4e33-952f-9aee712a6a23,Wriggidig Ant,ONE SIZE,23.5,In Stock,5.0,6.0,2024/01/05 21:55:32
e17b15fb-790e-40d7-b83d-3d0765f325c0,9d9f9864-f56e-4440-a50b-860da82f3f3d,Wriggidig Bug,ONE SIZE,23.5,In Stock,7.0,2.0,2024/01/05 21:55:34
67e2654e-2166-4091-8f75-5e9cbbf5b76b,d877af6e-3239-4c1c-8fb5-aef4fc0dcc05,Bashful Lilac Bunny,MEDIUM,28.0,In Stock,12.0,5.0,2024/01/05 21:55:37
b6b88dfe-896d-417c-8ebc-7bd27ce4e6a4,d877af6e-3239-4c1c-8fb5-aef4fc0dcc05,Bashful Lilac Bunny,SMALL,18.0,Out of stock,7.0,4.0,2024/01/05 21:55:37
8ba8a927-f06e-4dc0-b492-2d0f502df456,96842f14-eaa8-44fb-aa51-27015f41ab72,Bashful Petal Bunny,MEDIUM,28.0,In Stock,12.0,5.0,2024/01/05 21:55:40
d9da198d-b103-46c9-a3f7-7b5e5c6ce50c,96842f14-eaa8-44fb-aa51-27015f41ab72,Bashful Petal Bunny,SMALL,18.0,More on the way,7.0,4.0,2024/01/05 21:55:40
f59189db-611c-4337-b7d2-baf99d47bb4c,36dd31c7-0e1a-4f2e-a5cc-dd019dfc776b,Bashful Fudge Bunny,MEDIUM,28.0,More on the way,12.0,5.0,2024/01/05 21:55:43
33f676da-666c-4b1c-b707-86ff28e3d863,36dd31c7-0e1a-4f2e-a5cc-dd019dfc776b,Bashful Fudge Bunny,SMALL,18.0,In Stock,7.0,4.0,2024/01/05 21:55:43
c8be7025-2e8b-4ace-8ac4-26c4a1c79b8f,81da2222-ff6b-401b-bc18-e88f022b32a5,Who Can I Find Book,ONE SIZE,15.0,In Stock,7.0,7.0,2024/01/05 21:55:45
0e024884-570b-4440-a407-c1d9b4aba3ac,3f33edeb-4fd5-4bca-83ac-18ed64083f01,Blossom Sage Bunny,MEDIUM,28.0,In Stock,12.0,5.0,2024/01/05 21:55:47
d9dfd7ce-3f29-4f0c-ae0b-8a87a8cbd724,3f33edeb-4fd5-4bca-83ac-18ed64083f01,Blossom Sage Bunny,SMALL,18.0,More on the way,7.0,4.0,2024/01/05 21:55:47
5129be18-a3a3-4713-bc01-1d449157a069,25ead88c-5319-4d66-9a12-5497f9b42807,Blossom Jasmine Bunny,MEDIUM,28.0,In Stock,12.0,5.0,2024/01/05 21:55:50
420c7d74-60b2-4ca1-979f-4bcaf0e41fbe,25ead88c-5319-4d66-9a12-5497f9b42807,Blossom Jasmine Bunny,SMALL,18.0,Returning to stock 2-3 months,7.0,4.0,2024/01/05 21:55:50
8b94780a-2824-458b-84fa-c9e6bebca163,3b310db9-2eca-443b-86cd-0a388eb517c7,Bashful Lilac Bunny with Personalised Cream Jumper,MEDIUM,38.0,In Stock,12.0,5.0,2024/01/05 21:55:53
993874a9-aaf6-46e2-9233-9626c02bed06,c52f6c75-ea4a-48f1-8443-947e00a65b15,Bashful Petal Bunny with Personalised Cream Jumper,MEDIUM,38.0,In Stock,12.0,5.0,2024/01/05 21:55:56
6fe2a9ff-525f-442b-a77d-a2b7897ddfd7,69a26892-1dbf-4127-bd09-9edf5fb55f71,Blossom Sage Bunny with Personalised Cream Jumper,MEDIUM,38.0,In Stock,12.0,5.0,2024/01/05 21:55:58
52071456-1f62-4ffe-8095-68ae8b3fc75c,bd753d04-e245-4ff4-b5f3-0039aaf3d68e,Blossom Jasmine Bunny with Personalised Cream Jumper,MEDIUM,38.0,In Stock,12.0,5.0,2024/01/05 21:56:00
14adbd47-46b7-4dfa-a3c5-4cab8c25b5a1,d78bb27d-e738-430b-a5ab-3d59aeecb6fb,Bashful Lilac Bunny with Personalised Navy Jumper,MEDIUM,38.0,In Stock,12.0,5.0,2024/01/05 21:56:02
a495e7cf-18d2-49ca-895a-2d9856c9874c,3eb53884-bc82-4fd4-9d35-89551287a117,Bashful Petal Bunny with Personalised Navy Jumper,MEDIUM,38.0,In Stock,12.0,5.0,2024/01/05 21:56:04
b72ea547-52cf-42e9-a52d-6b984aac4e81,4af07289-da74-41ed-93ca-7fc9d000d2f7,Blossom Sage Bunny with Personalised Navy Jumper,MEDIUM,38.0,In Stock,12.0,5.0,2024/01/05 21:56:07
852634be-50fa-422b-a5ea-973148b61276,fffcf4b5-2a8f-40c6-898a-75d468a6a61a,Blossom Jasmine Bunny with Personalised Navy Jumper,MEDIUM,38.0,In Stock,12.0,5.0,2024/01/05 21:56:09
e02ee482-6749-47a0-899c-ab22b774ba6f,f74aa2ce-08dd-448d-bd70-b0c95a06d6aa,Bashful Lilac Bunny with Personalised Red Jumper,MEDIUM,38.0,In Stock,12.0,5.0,2024/01/05 21:56:12
06eeda51-8cc7-45f3-a572-5c95c90457a6,587f83ba-aa36-41a1-9294-19c0defc9bac,Bashful Petal Bunny with Personalised Red Jumper,MEDIUM,38.0,In Stock,12.0,5.0,2024/01/05 21:56:14
8556c984-c285-45a3-a99e-44e4d25b5a4c,d63bb906-d88f-41a3-ab53-fe304ea3d740,Blossom Sage Bunny with Personalised Red Jumper,MEDIUM,38.0,In Stock,12.0,5.0,2024/01/05 21:56:16
08bd18de-c021-4b28-9e15-db26134602de,64e3acc0-0448-4d77-b2ab-34c8f6123da9,Blossom Jasmine Bunny with Personalised Red Jumper,MEDIUM,38.0,In Stock,12.0,5.0,2024/01/05 21:56:18
c4dd10df-dfd2-40ff-84a4-83eaf1fad3f3,f025b848-9ba0-481f-8666-4af6a31e4d80,Personalised Bashful Lilac Bunny Medium,MEDIUM,34.0,In Stock,12.0,5.0,2024/01/05 21:56:21
556d9c5b-1288-447c-a2fb-b55d7e442fc3,77d6bca1-3299-41fa-be31-c59ee5a2f830,Personalised Bashful Petal Bunny Medium,MEDIUM,34.0,In Stock,12.0,5.0,2024/01/05 21:56:23
974cfdc4-0fe7-4fd5-b88d-3faa5480645f,847711a2-3455-4182-9eff-7b28965d6662,Alice Axolotl,MEDIUM,32.5,In Stock,11.0,5.0,2024/01/05 21:56:26
a6881310-db69-43da-8ec1-54dc7f9b10a0,847711a2-3455-4182-9eff-7b28965d6662,Alice Axolotl,SMALL,22.0,In Stock,7.0,2.0,2024/01/05 21:56:26
914e6b14-a4fa-448e-9b89-800135ce0242,387fb991-a17a-4079-b1ad-c585006fb0bb,Bashful Shimmer Bunny,MEDIUM,28.0,In Stock,12.0,5.0,2024/01/05 21:56:29
e52a4161-37e9-4ebb-813a-0c34e511a98f,387fb991-a17a-4079-b1ad-c585006fb0bb,Bashful Shimmer Bunny,SMALL,18.0,In Stock,7.0,4.0,2024/01/05 21:56:29
6b452892-b53a-4a77-b2d5-0ef9861352cd,14b5b3b7-c43c-4556-a5ed-8e8ab2d37dba,If I Were A Pony Book,ONE SIZE,13.5,In Stock,6.0,6.0,2024/01/05 21:56:32
21375a4a-38c7-4e40-99b7-b1fa3861fe29,9e8bd676-fb05-4526-9d1c-c569fd203386,Blossom Bea Beige Bunny Comforter,ONE SIZE,17.0,In Stock,10.0,9.0,2024/01/05 21:56:34
1401328f-a2d2-46b1-abb8-355003008581,0083c05b-a9ab-4563-9839-f3c4d6284f0f,Cozy Crew Octopus,ONE SIZE,25.0,In Stock,8.0,4.0,2024/01/05 21:56:36
5ac1093d-6ae8-4a25-8b7f-9afcc3ac6b33,46b3042b-af88-4aa6-a36b-14b064c16c6e,Fossilly Stegosaurus,MEDIUM,38.0,In Stock,6.0,5.0,2024/01/05 21:56:38
4a229230-75ca-4005-839f-899611f37573,46b3042b-af88-4aa6-a36b-14b064c16c6e,Fossilly Stegosaurus,SMALL,15.0,More on the way,3.0,2.0,2024/01/05 21:56:38
564a30a5-462f-4551-a918-2faa77b90d60,b512ed63-ffbb-4e35-a544-2e5138df6fe1,Fuddlewuddle Lion Soother,ONE SIZE,25.0,In Stock,13.0,13.0,2024/01/05 21:56:41
59eb06f9-6928-40fc-a167-910ff8d49d74,1fe7389d-6a70-4ce8-8b2c-58dcae8f17f9,Bashful Shimmer Bunny with Personalised Cream Jumper,MEDIUM,38.0,In Stock,12.0,5.0,2024/01/05 21:56:43
7373156d-cbda-4db4-950c-d64d73ccef6d,5ac0821f-0029-486d-b52f-edbfb2090995,Bashful Shimmer Bunny with Personalised Navy Jumper,MEDIUM,38.0,In Stock,12.0,5.0,2024/01/05 21:56:45
4080a5ca-c1d9-44a3-94fa-9fa5d499dabd,b8da6a51-04b1-483b-93d4-32d411ed0ac8,Bashful Shimmer Bunny with Personalised Red Jumper,MEDIUM,38.0,In Stock,12.0,5.0,2024/01/05 21:56:47
722bd9ff-c03d-44ad-88b8-cabd6721af9b,bcb42a33-b294-4c0d-8a91-544c1ae3cd5e,Lingley Bunny Soother,ONE SIZE,20.0,In Stock,11.0,7.0,2024/01/05 21:56:49
3b11ddd7-45d0-4909-a2e3-9a3b4a895eab,06dc0ee5-e26b-4f0d-a9e1-d62184b4b9aa,Lingley Elephant Soother,ONE SIZE,20.0,In Stock,11.0,7.0,2024/01/05 21:56:51
1b4965d1-6716-44c2-b121-36d9f9af7cdd,dd0b6142-7db7-400a-9768-d1cebdf57d9f,Tartan Lottie Bunny,ONE SIZE,27.5,In Stock,11.0,4.0,2024/01/05 21:56:52
77b76b44-4dcf-4444-82aa-c01a8271e22a,9a712c68-d9d4-45bb-949f-3a4308e36b43,Onyx Dragon,HUGE,120.0,Out of stock,7.0,26.0,2024/01/05 21:56:54
79310775-b911-4f03-a187-266a1e9f9692,9a712c68-d9d4-45bb-949f-3a4308e36b43,Onyx Dragon,MEDIUM,65.0,In Stock,5.0,20.0,2024/01/05 21:56:54
270c736b-68ce-4bdd-9759-f592fe531f32,9a712c68-d9d4-45bb-949f-3a4308e36b43,Onyx Dragon,LITTLE,32.5,More on the way,3.0,12.0,2024/01/05 21:56:54
5a064f32-dc99-40f6-96ce-0c334aac7f50,5d40cf9a-89b2-440a-8b59-70baecb899c6,Personalised Bashful Shimmer Bunny Medium,MEDIUM,34.0,In Stock,12.0,5.0,2024/01/05 21:56:56
7494ad86-857a-4db1-8537-4b3720c58783,25068e48-395f-452a-84cf-2cfd6d008a3e,Personalised Fuddlewuddle Lion Soother,ONE SIZE,31.0,In Stock,13.0,13.0,2024/01/05 21:56:58
bc7b3230-fb3f-4dec-881c-394ed6ac8b31,d524928e-89a9-48db-a0bc-75a8aff2e403,Personalised Snow Dragon Huge,HUGE,126.0,In Stock,7.0,26.0,2024/01/05 21:57:00
900c670b-9f26-487c-aed7-b5ff38cd08e2,d1f640e9-259b-4bc8-8f60-aff60b571b4d,Rumpletum Lion,ONE SIZE,40.0,In Stock,11.0,8.0,2024/01/05 21:57:02
4a0092af-a457-4581-9aa7-fad45ef219ce,9ce8c7c2-5e38-4e35-8bc5-c744c104eb5f,Snuggler Cat,ONE SIZE,25.0,In Stock,9.0,5.0,2024/01/05 21:57:04
3965d711-a293-4ba5-a157-8e9ef5396874,0fef6746-48e6-4443-aa13-e650a6c0dd9a,Cordy Roy Baby Bunny Soother,ONE SIZE,23.0,In Stock,11.0,9.0,2024/01/05 21:57:06
df530768-688a-433b-aa02-f449218f98f4,d10c5189-20bf-469d-afcf-53292a795cdb,Cordy Roy Baby Lion Soother,ONE SIZE,23.0,In Stock,11.0,9.0,2024/01/05 21:57:07
de1af163-35b2-4a9f-a60a-14f9e7e965eb,8eed615c-a556-425e-8c18-2b307967e16f,Bashful Tiger,HUGE,80.0,In Stock,20.0,8.0,2024/01/05 21:57:10
af8de712-bb48-4652-89bc-5f033b1edb0c,8eed615c-a556-425e-8c18-2b307967e16f,Bashful Tiger,MEDIUM,28.0,More on the way,12.0,5.0,2024/01/05 21:57:10
96bcde56-78b9-464e-bb58-02e46302adf7,8eed615c-a556-425e-8c18-2b307967e16f,Bashful Tiger,SMALL,18.0,In Stock,7.0,4.0,2024/01/05 21:57:10
43cb4cbd-2069-478e-b365-f31e519ab5d2,77cba2a6-f076-4267-b9f3-198845a62c1b,Bashful Cerise Bunny,MEDIUM,28.0,Out of stock,12.0,5.0,2024/01/05 21:57:12
aaec2bd8-1446-4dc9-9d48-2970c304da85,77cba2a6-f076-4267-b9f3-198845a62c1b,Bashful Cerise Bunny,SMALL,18.0,In Stock,7.0,4.0,2024/01/05 21:57:12
05afc2e6-f94c-458f-81b9-505dcf24607c,45bee5ed-9124-4a46-a83e-a3dea92dd4ef,Beatrice Butterfly,LARGE,33.0,In Stock,8.0,13.0,2024/01/05 21:57:14
24c636ba-8fc8-4037-8275-fec4c6d1478f,2bbb4016-400e-40e7-990d-c37b73cdff2c,Little Me Book,ONE SIZE,15.0,In Stock,8.0,8.0,2024/01/05 21:57:15
80e7a9ce-7678-4156-a12e-209f967106b2,1af68dff-42d1-4dc0-bc7d-7829c09bd6d9,Blossom Dusky Blue Bunny,MEDIUM,28.0,In Stock,12.0,5.0,2024/01/05 21:57:17
f01905a5-90be-4e92-aece-8c8a1897fe8b,1af68dff-42d1-4dc0-bc7d-7829c09bd6d9,Blossom Dusky Blue Bunny,SMALL,18.0,Out of stock,7.0,4.0,2024/01/05 21:57:17
d3f22132-d0e4-4a59-9722-ada2cd664310,fe5b46f2-f0a4-4422-aead-cf577d2babd8,Blossom Bea Beige Bunny,MEDIUM,28.0,In Stock,12.0,5.0,2024/01/05 21:57:19
7a84d350-b10f-4f9f-a723-2ddd24212a1d,fe5b46f2-f0a4-4422-aead-cf577d2babd8,Blossom Bea Beige Bunny,SMALL,18.0,Returning to stock 2-3 months,7.0,4.0,2024/01/05 21:57:19
08f8812d-7a14-42ff-aefb-d8911dace272,89a62b5e-138d-4e82-96e3-763a8df0ff6e,Fossilly T-Rex,MEDIUM,38.0,In Stock,11.0,6.0,2024/01/05 21:57:22
f1df7309-12cb-47cf-8b1d-9fd993a9baec,89a62b5e-138d-4e82-96e3-763a8df0ff6e,Fossilly T-Rex,SMALL,15.0,More on the way,5.0,3.0,2024/01/05 21:57:22
0a1cd39d-56fc-43d3-9324-d4fb336e763f,21f8a025-07b3-4e3a-8621-7233dc96d59f,Bashful Dusky Blue Bunny with Personalised Cream Jumper,MEDIUM,38.0,In Stock,12.0,5.0,2024/01/05 21:57:24
3d88a28f-ada8-4f1c-87d2-eaccd8c90539,aedff5d3-e9f1-4806-9b28-69c58d3ab947,Bashful Tiger with Personalised Cream Jumper,MEDIUM,38.0,In Stock,12.0,5.0,2024/01/05 21:57:26
c6bc61ce-b838-4217-8889-05690065ac9e,221ba633-8dc2-48cb-ad5a-e7b0479aa955,Blossom Dusky Blue with Personalised Cream Jumper,MEDIUM,38.0,In Stock,12.0,5.0,2024/01/05 21:57:28
cc3dc403-ba27-4f90-9753-3947aa3a2a27,ae47bb23-46b2-414f-b9de-13cfa6415d87,Blossom Bea Beige Bunny with Personalised Cream Jumper,MEDIUM,38.0,In Stock,12.0,5.0,2024/01/05 21:57:30
6c331996-8192-475f-bb44-7f7c81ca71f9,f332d9bb-6f4c-48aa-83b7-21c831a6b824,Bashful Dusky Blue Bunny with Personalised Navy Jumper,MEDIUM,38.0,In Stock,12.0,5.0,2024/01/05 21:57:32
436e9425-8817-49bf-aa2b-679d72627bb0,a6ddeb95-cf24-4e54-bfab-3c96fc4f2c46,Bashful Tiger with Personalised Navy Jumper,MEDIUM,38.0,In Stock,12.0,5.0,2024/01/05 21:57:34
856a8e66-d800-4f6c-bd68-64810eb867de,ad42417d-ca3b-4221-9735-772baba46693,Blossom Dusky Blue with Personalised Navy Jumper,MEDIUM,38.0,In Stock,12.0,5.0,2024/01/05 21:57:36
1dd4abfa-7b44-4e06-8d7e-813e69d8e60f,29129045-9418-4e28-87d0-791f8e88dfda,Blossom Bea Beige Bunny with Personalised Navy Jumper,MEDIUM,38.0,In Stock,12.0,5.0,2024/01/05 21:57:38
f13cd64b-8732-4b57-8469-2f9facbf38d9,8f8994f0-9de3-42f3-9c8a-d71fa70f63e4,Bashful Dusky Blue Bunny with Personalised Red Jumper,MEDIUM,38.0,In Stock,12.0,5.0,2024/01/05 21:57:40
46a2ee24-b41a-4727-aece-f24ebf4fcc50,47b244ce-6de4-439c-84bd-e990ac5d5022,Bashful Tiger with Personalised Red Jumper,MEDIUM,38.0,In Stock,12.0,5.0,2024/01/05 21:57:42
6874d53d-ad9e-4c25-be6b-65296ff80a7c,7086b50d-d7db-4698-b9ba-ab8e949242cf,Blossom Dusky Blue Bunny with Personalised Red Jumper,MEDIUM,38.0,In Stock,12.0,5.0,2024/01/05 21:57:44
2326de02-e0c3-4b73-82ad-c8dbaff3593b,700c75ca-a511-4ace-a420-e03c6bda4efb,Blossom Bea Beige Bunny with Personalised Red Jumper,MEDIUM,38.0,In Stock,12.0,5.0,2024/01/05 21:57:46
4cd968ee-4cf4-4878-be67-7f0a1665e0db,efe2aced-3185-479b-a7bb-03790379c855,Odyssey Octopus,REALLY BIG,130.0,More on the way,30.0,12.0,2024/01/05 21:57:51
0de25966-1650-4e2e-9d2a-61ec63d9095a,efe2aced-3185-479b-a7bb-03790379c855,Odyssey Octopus,HUGE,68.5,Out of stock,21.0,9.0,2024/01/05 21:57:51
8dc9f204-b61c-4c7c-931c-fc971ce48cd9,efe2aced-3185-479b-a7bb-03790379c855,Odyssey Octopus,LARGE,53.0,More on the way,19.0,7.0,2024/01/05 21:57:51
a05a3622-4cfa-46ad-9399-e4ed37056aca,efe2aced-3185-479b-a7bb-03790379c855,Odyssey Octopus,LITTLE,30.0,In Stock,9.0,4.0,2024/01/05 21:57:51
d61140a7-58d0-45d8-9e03-1da5b43bbd9f,efe2aced-3185-479b-a7bb-03790379c855,Odyssey Octopus,TINY,18.0,In Stock,6.0,3.0,2024/01/05 21:57:51
e8206a54-fb02-4311-8ac9-4f8a00b4461e,a90ad88c-dbe4-4277-8a65-f3f112cc4050,Sage Dragon,HUGE,120.0,More on the way,7.0,26.0,2024/01/05 21:57:54
2823becb-5fcb-442d-8224-11df226a175c,a90ad88c-dbe4-4277-8a65-f3f112cc4050,Sage Dragon,MEDIUM,65.0,Returning to stock 2-3 months,5.0,20.0,2024/01/05 21:57:54
bfd6584b-d4d4-4783-b5a3-f5b2a290880f,a90ad88c-dbe4-4277-8a65-f3f112cc4050,Sage Dragon,LITTLE,32.5,In Stock,3.0,12.0,2024/01/05 21:57:54
69ccf9e9-7f6c-43a8-9ab9-c6399b9c44a9,7119051c-a493-47ae-9914-5783747ccb6b,Sienna Seahorse,MEDIUM,30.0,More on the way,11.0,4.0,2024/01/05 21:57:55
e792b172-cd61-4856-bf6e-179ee0c950be,7119051c-a493-47ae-9914-5783747ccb6b,Sienna Seahorse,SMALL,20.0,In Stock,7.0,2.0,2024/01/05 21:57:55
a0799c9f-0a1b-44a9-a545-4f296ae6c8f4,0023b7d6-b008-4d08-a1b6-a106ce595287,Bashful Plum Bunny,HUGE,80.0,Out of stock,20.0,8.0,2024/01/05 21:57:58
2eae5c3b-1ce3-470a-9de0-8dec769d6c91,0023b7d6-b008-4d08-a1b6-a106ce595287,Bashful Plum Bunny,MEDIUM,25.0,Out of stock,12.0,5.0,2024/01/05 21:57:58
f65fbfdd-5eb9-4bf0-af6c-f6c24464aaf5,0023b7d6-b008-4d08-a1b6-a106ce595287,Bashful Plum Bunny,SMALL,18.0,In Stock,7.0,4.0,2024/01/05 21:57:58
9f5fe509-a686-4a02-9a3d-7bc21f60d0f0,edb7a0cc-161b-42c7-9c25-215610d3b44b,Fossilly Brontosaurus,MEDIUM,38.0,In Stock,10.0,5.0,2024/01/05 21:58:00
d9bc0d62-83e8-49a1-bf25-f1651bb6e7df,edb7a0cc-161b-42c7-9c25-215610d3b44b,Fossilly Brontosaurus,SMALL,15.0,More on the way,3.0,2.0,2024/01/05 21:58:00
87f715fe-37ce-40a2-ad25-3b7a09943f84,1475278a-4a27-46c7-a30f-c601d68dd791,Fossilly Triceratops,MEDIUM,38.0,In Stock,7.0,4.0,2024/01/05 21:58:02
cc30bd95-cb73-44fc-a2a4-c37e50377905,1475278a-4a27-46c7-a30f-c601d68dd791,Fossilly Triceratops,SMALL,15.0,Out of stock,4.0,2.0,2024/01/05 21:58:02
5cfbef1f-f547-4ec0-ba6a-411b9c813ddc,89992275-1b54-42bf-846a-3d99f5144cd1,Snow Dragon,HUGE,120.0,In Stock,7.0,26.0,2024/01/05 21:58:04
e87079c0-78c3-499e-8cc8-03c4c0879138,89992275-1b54-42bf-846a-3d99f5144cd1,Snow Dragon,MEDIUM,65.0,In Stock,5.0,20.0,2024/01/05 21:58:04
d0e1a50a-a905-409a-8d22-40ce6d5514ac,89992275-1b54-42bf-846a-3d99f5144cd1,Snow Dragon,LITTLE,32.5,In Stock,3.0,12.0,2024/01/05 21:58:04
8608c596-2693-4906-a6ba-eac2837e32bd,e27885cd-6e68-4a66-86ae-23104799fb81,Blossom Blush Bunny,LARGE,43.0,Out of stock,14.0,6.0,2024/01/05 21:58:06
ca715f19-6bac-41af-883e-5821206be257,e27885cd-6e68-4a66-86ae-23104799fb81,Blossom Blush Bunny,MEDIUM,28.0,In Stock,12.0,5.0,2024/01/05 21:58:06
6dd86a6c-0312-48e8-a48f-ea887aec2d26,e27885cd-6e68-4a66-86ae-23104799fb81,Blossom Blush Bunny,SMALL,18.0,In Stock,7.0,4.0,2024/01/05 21:58:06
4cd7b985-381f-4e69-838d-787166bd142c,ca635a07-b26d-4b92-9a1d-cbe9de6d9a19,Blossom Blush Bunny with Personalised Cream Jumper,MEDIUM,38.0,In Stock,12.0,5.0,2024/01/05 21:58:08
9f38c9e0-a609-461f-9992-3d6252e1b7b7,c3add035-1694-4401-bd53-11287202c873,Blossom Blush Bunny with Personalised Navy Jumper,MEDIUM,38.0,In Stock,12.0,5.0,2024/01/05 21:58:10
c7fe2807-9ef7-4c5d-8e20-fd455023703c,a34ffec2-bcc8-4cd6-9d81-f1e4d3b4df28,Blossom Blush Bunny with Personalised Red Jumper,MEDIUM,38.0,In Stock,12.0,5.0,2024/01/05 21:58:12
bb56d273-b3e7-4e3b-8a40-238fcb9df55d,0824b03b-1713-48e1-a284-49f940031fd1,Personalised Odell Octopus Soother,ONE SIZE,31.0,In Stock,13.0,13.0,2024/01/05 21:58:14
0a1de512-8355-4e3f-8853-329bbd690b4c,8709735e-f7e2-4a06-8054-2d8eeba956a5,Wiley Whale,HUGE,90.0,In Stock,8.0,31.0,2024/01/05 21:58:16
e31fd750-f54b-4544-92d6-1c3f72f83387,8709735e-f7e2-4a06-8054-2d8eeba956a5,Wiley Whale,LARGE,53.0,In Stock,7.0,20.0,2024/01/05 21:58:16
27b1250e-9fee-416e-975c-c2f5bb673bee,42e53571-a85f-42c9-987c-7b53ab3eb094,Bailey Sloth,MEDIUM,35.0,In Stock,16.0,3.0,2024/01/05 21:58:18
10918679-db58-4ee4-b829-288441c903ce,42e53571-a85f-42c9-987c-7b53ab3eb094,Bailey Sloth,SMALL,28.0,Out of stock,13.0,2.0,2024/01/05 21:58:18
77226b09-76c5-412b-878c-dd012029fd24,f6206ea8-fb43-4a55-af5a-8a94fd11e945,Storm Octopus,LARGE,53.0,In Stock,19.0,7.0,2024/01/05 21:58:20
b3fbadb1-1205-4d75-bd7a-c692e1c106da,f6206ea8-fb43-4a55-af5a-8a94fd11e945,Storm Octopus,LITTLE,30.0,Returning to stock 3-4 weeks,9.0,4.0,2024/01/05 21:58:20
5f26ef85-5db4-4bd1-a2e2-6e27db2fa117,f6206ea8-fb43-4a55-af5a-8a94fd11e945,Storm Octopus,TINY,18.0,More on the way,6.0,3.0,2024/01/05 21:58:20
2a593fd8-ca76-4847-8fe7-bdcced3e394b,a1315413-7ba2-4e39-bc9b-3c7932b62c28,Bashful Dragon,VERY BIG,275.0,In Stock,43.0,18.0,2024/01/05 21:58:25
7847f570-0607-48e7-a7bd-952c4b7df9f6,a1315413-7ba2-4e39-bc9b-3c7932b62c28,Bashful Dragon,REALLY BIG,125.0,More on the way,26.0,12.0,2024/01/05 21:58:25
ce1ef0b7-14f4-4d1e-997e-d8a8ceeaa8cc,a1315413-7ba2-4e39-bc9b-3c7932b62c28,Bashful Dragon,HUGE,69.5,Out of stock,20.0,8.0,2024/01/05 21:58:25
4b540b49-9350-4f4c-ac8c-5078cb19cf56,a1315413-7ba2-4e39-bc9b-3c7932b62c28,Bashful Dragon,MEDIUM,28.0,More on the way,12.0,5.0,2024/01/05 21:58:25
658c5517-ae7c-4d1a-b7a0-1ede81c64636,a1315413-7ba2-4e39-bc9b-3c7932b62c28,Bashful Dragon,SMALL,18.0,More on the way,7.0,4.0,2024/01/05 21:58:25
9eb29975-7006-4a00-8a0f-b08cb2768acf,a11e680a-cf06-4bd8-8315-f7d79ab5c5ea,Bashful Dino,VERY BIG,275.0,In Stock,43.0,18.0,2024/01/05 21:58:30
81556227-ba12-4286-86e0-fa35bd53f642,a11e680a-cf06-4bd8-8315-f7d79ab5c5ea,Bashful Dino,REALLY BIG,125.0,In Stock,26.0,12.0,2024/01/05 21:58:30
48cbd58e-85d5-4def-8588-d6af222094fc,a11e680a-cf06-4bd8-8315-f7d79ab5c5ea,Bashful Dino,HUGE,80.0,In Stock,20.0,8.0,2024/01/05 21:58:30
d300cccb-891f-4ff5-918f-beaf9d6d3bc0,a11e680a-cf06-4bd8-8315-f7d79ab5c5ea,Bashful Dino,MEDIUM,28.0,In Stock,12.0,5.0,2024/01/05 21:58:30
6aab7ee0-40fc-4882-b193-ff3a65dd9471,a11e680a-cf06-4bd8-8315-f7d79ab5c5ea,Bashful Dino,SMALL,18.0,More on the way,7.0,4.0,2024/01/05 21:58:30
b8a3ca0e-08bc-4829-9a83-bc56a3f29e15,f03fa7f9-a6e4-4d6d-a4f1-791f0aa3e17f,Bashful Turtle,MEDIUM,28.0,Returning to stock 2-3 months,12.0,5.0,2024/01/05 21:58:32
2320fdcc-f552-4ca5-bea4-ba94858af42a,f03fa7f9-a6e4-4d6d-a4f1-791f0aa3e17f,Bashful Turtle,SMALL,18.0,In Stock,7.0,4.0,2024/01/05 21:58:32
5fafcb06-4f2a-4614-959c-091364494af8,5caacd38-7635-41c3-bf62-7dcb4443c417,Elly Ballerina Book,ONE SIZE,15.0,In Stock,12.0,,2024/01/05 21:58:33
cc0887ce-9c63-47dc-8c81-07a8f21abebd,f35b29fe-e40a-4059-b6a4-4e5907e5ba83,Livi Leopard,LARGE,80.0,In Stock,5.0,18.0,2024/01/05 21:58:35
e81c6974-fb0d-415f-927f-e164b69f7cdc,f35b29fe-e40a-4059-b6a4-4e5907e5ba83,Livi Leopard,LITTLE,35.0,Out of stock,3.0,11.0,2024/01/05 21:58:35
447dbac7-803b-4bee-b9aa-71ab51ee8949,e9f40f52-3053-449b-8f96-080e301357d2,If I Were A Lamb Book and Bashful Lamb,SMALL,31.5,In Stock,,,2024/01/05 21:58:37
64261251-2fcd-4785-9946-f9ef48a4b343,7d36ee8a-1e24-45a9-a0d5-7c98bacd2e18,Smudge Puppy,MEDIUM,35.0,In Stock,9.0,5.0,2024/01/05 21:58:39
93559a53-4113-442c-a319-8c4a7893455f,a5355d28-a8da-4fd5-831c-754c9f202bc6,Bashful Navy Bunny,MEDIUM,28.0,In Stock,12.0,5.0,2024/01/05 21:58:41
99236cae-f356-4f06-bff5-a8159e92591a,a5355d28-a8da-4fd5-831c-754c9f202bc6,Bashful Navy Bunny,SMALL,18.0,Out of stock,7.0,4.0,2024/01/05 21:58:41
62b3248c-a338-4484-b1fe-2e0176954b06,ab13e69c-c5ab-4ce6-9739-4775edba15f0,Bashful Navy Bunny with Personalised Cream Jumper,MEDIUM,38.0,In Stock,12.0,5.0,2024/01/05 21:58:43
2ea8418f-2f1f-4a31-9b25-11b13f9ef9e4,5ab47a08-4d39-4a3c-9aa5-020ee7a00cbe,Bashful Navy Bunny with Personalised Red Jumper,MEDIUM,38.0,In Stock,12.0,5.0,2024/01/05 21:58:45
70f874b0-ea68-44e2-addf-4ec3590e651a,23f8b69b-c2f8-4fa5-bb28-c87d31809c22,Percy Penguin,LARGE,40.0,More on the way,14.0,6.0,2024/01/05 21:58:48
a98d7f81-6500-4d56-9cff-2aeec17b193f,23f8b69b-c2f8-4fa5-bb28-c87d31809c22,Percy Penguin,LITTLE,27.5,In Stock,9.0,4.0,2024/01/05 21:58:48
1e29c824-1a58-4c4e-bfde-0cfc10ffb6f7,23f8b69b-c2f8-4fa5-bb28-c87d31809c22,Percy Penguin,TINY,18.0,More on the way,6.0,3.0,2024/01/05 21:58:48
f64bf23b-bc50-4a3a-bd47-2b1f1e0cacc7,580cd49d-300b-439a-a9b1-65fdba702bd7,Personalised Bashful Navy Bunny Medium,MEDIUM,34.0,In Stock,12.0,5.0,2024/01/05 21:58:50
482b09a0-d24e-4793-9062-8851a0b85bab,dd085165-c995-499a-a4e0-de2dfad680ea,Sacha Snow Tiger,REALLY BIG,200.0,In Stock,9.0,29.0,2024/01/05 21:58:52
427cb2a3-7704-44e3-875e-0fa70458277a,dd085165-c995-499a-a4e0-de2dfad680ea,Sacha Snow Tiger,LARGE,80.0,More on the way,5.0,18.0,2024/01/05 21:58:52
599daddc-9b73-44b7-845e-27a69039c712,0f8efeb3-f292-43f7-a924-02b7ec739c0d,Bashful Blush Bunny,HUGE,80.0,Out of stock,20.0,8.0,2024/01/05 21:58:54
c0210522-778d-4048-9e01-626194f397bf,0f8efeb3-f292-43f7-a924-02b7ec739c0d,Bashful Blush Bunny,MEDIUM,28.0,More on the way,12.0,5.0,2024/01/05 21:58:54
21951b07-9d33-468f-88dd-d7cdf1dafbe9,0f8efeb3-f292-43f7-a924-02b7ec739c0d,Bashful Blush Bunny,SMALL,18.0,In Stock,7.0,4.0,2024/01/05 21:58:54
078fbcf5-1767-4b9d-ac83-85d23d67ee9c,6c2f795b-64d6-4cc9-918e-e4f731a9c5b3,Bashful Giraffe,MEDIUM,28.0,In Stock,12.0,5.0,2024/01/05 21:58:56
09840be5-f629-4dbd-8bf8-ef470d783d49,6c2f795b-64d6-4cc9-918e-e4f731a9c5b3,Bashful Giraffe,SMALL,18.0,Returning to stock 3-4 weeks,7.0,4.0,2024/01/05 21:58:56
56bd012e-413f-4cdd-bc16-bd313420f2ba,6fac0ca3-5fd1-4ce8-bb7b-f43a52bbade6,Bashful Lamb,MEDIUM,28.0,More on the way,12.0,5.0,2024/01/05 21:58:58
2ad9df8c-d8a0-4093-bc2e-a36f8100b464,6fac0ca3-5fd1-4ce8-bb7b-f43a52bbade6,Bashful Lamb,SMALL,18.0,In Stock,7.0,4.0,2024/01/05 21:58:58
32cdb4ff-fc19-4716-8416-a98821e40870,1e774e82-7d40-489a-9f95-b130bafb947b,My Friend Bunny Book,ONE SIZE,15.0,In Stock,9.0,9.0,2024/01/05 21:59:00
d06cbe0d-405d-41a0-a84f-7c705941046b,282c80ab-36ec-4b72-9d41-71ee51c91cbf,Bashful Beige Bunny Blanket,ONE SIZE,45.0,In Stock,40.0,30.0,2024/01/05 21:59:02
7bb4501a-da7c-458a-8839-58c0c839ad1d,88f47fab-522c-4d35-a613-d4b0157ee936,Bashful Blue Bunny Blanket,ONE SIZE,45.0,In Stock,40.0,30.0,2024/01/05 21:59:03
af7155ba-d771-4d31-afb0-86581dfed6d6,22948072-94ba-48f4-ab04-3fd9f26bf73a,Bashful Pink Bunny Blanket,ONE SIZE,45.0,In Stock,40.0,30.0,2024/01/05 21:59:05
bee205b1-87f2-4f14-8118-d798d517ad6c,9c93c1ce-08e9-47a0-b5a2-b827c4718222,Harry Panda Cub,HUGE,120.0,Out of stock,20.0,10.0,2024/01/05 21:59:10
ab376438-5be5-4cb8-853c-11bb6ac416c5,9c93c1ce-08e9-47a0-b5a2-b827c4718222,Harry Panda Cub,LARGE,65.0,More on the way,15.0,8.0,2024/01/05 21:59:10
c6984cc1-c681-40f2-afc5-f6464354c710,9c93c1ce-08e9-47a0-b5a2-b827c4718222,Harry Panda Cub,MEDIUM,35.0,In Stock,11.0,6.0,2024/01/05 21:59:10
3d06ff85-90e0-4e04-84a2-2d36188e871d,9c93c1ce-08e9-47a0-b5a2-b827c4718222,Harry Panda Cub,TINY,13.0,Out of stock,5.0,3.0,2024/01/05 21:59:10
862c2b43-7190-4097-826e-14fb855e8425,c88bc28b-0ee9-480d-8ad6-01aad5b78cf1,Bashful Giraffe with Personalised Cream Jumper,MEDIUM,38.0,In Stock,12.0,5.0,2024/01/05 21:59:12
aae406f4-b431-4172-9ff0-1c96089fbd5b,d50e69d9-a6fc-4761-83fb-bc095f56ea1d,Bashful Giraffe with Personalised Navy Jumper,MEDIUM,38.0,In Stock,12.0,5.0,2024/01/05 21:59:14
ebb0ab7a-273b-42ca-8a53-eb88263b3a84,093ae0b5-18a3-4ae6-a797-0e57d73cbe2c,Bashful Giraffe with Personalised Red Jumper,MEDIUM,38.0,In Stock,12.0,5.0,2024/01/05 21:59:16
35c8fde7-7fe5-4831-acc4-26fd8420e061,8c019f73-3ee4-4e84-a607-0b51d9d49e64,Bashful Lamb with Personalied Red Jumper,MEDIUM,38.0,In Stock,12.0,5.0,2024/01/05 21:59:18
5d8d4a85-e650-496e-a698-c4173668afbf,24a77649-4273-4360-a7d2-96050b22986d,Larry Lobster,MEDIUM,33.0,In Stock,11.0,4.0,2024/01/05 21:59:20
45f00cce-9ae6-40f6-8be6-e70239c653e0,24a77649-4273-4360-a7d2-96050b22986d,Larry Lobster,SMALL,25.0,Returning to stock 2-3 months,8.0,3.0,2024/01/05 21:59:20
1622db88-d9b2-4f21-be6a-89a18b0d8035,5c8f4e68-f9d7-411f-890c-34585059383a,Bashful Truffle Bunny,MEDIUM,28.0,In Stock,12.0,5.0,2024/01/05 21:59:22
70054364-a726-40b4-996b-b94ad0779015,5c8f4e68-f9d7-411f-890c-34585059383a,Bashful Truffle Bunny,SMALL,18.0,Out of stock,7.0,4.0,2024/01/05 21:59:22
3af58c75-d807-4bc5-823d-13da7465a8a7,32eafa6c-c72c-4190-a093-6eac59ce6357,Colin Chameleon,ONE SIZE,29.0,In Stock,11.0,4.0,2024/01/05 21:59:24
72ea9322-58fa-43a9-aa6b-1c861f50bc69,874c4738-e0a3-42a0-a5e2-f6dc0595bb68,Bashful Truffle Bunny with Personalised Cream Jumper,MEDIUM,38.0,In Stock,12.0,5.0,2024/01/05 21:59:26
aa87c719-710f-4b70-ac0f-318d6c976542,ae1ee893-e305-4c54-8daa-f302d9ac9401,Bashful Truffle Bunny with Personalised Navy Jumper,MEDIUM,38.0,In Stock,12.0,5.0,2024/01/05 21:59:29
41a4f4f7-862b-4b0b-abd0-eb78f54c0ad4,7698e9dd-57fe-4f22-9466-b372901f1f19,Bashful Truffle Bunny with Personalised Red Jumper,MEDIUM,38.0,In Stock,12.0,5.0,2024/01/05 21:59:31
15555d6e-4397-4002-97f6-9117ab68fea5,bce6d9aa-7737-414a-8d0d-6058d3b524c5,Bashful Fox Cub,HUGE,80.0,In Stock,20.0,8.0,2024/01/05 21:59:33
ca30eb5e-5a5f-4284-a770-8c1579cfaf72,bce6d9aa-7737-414a-8d0d-6058d3b524c5,Bashful Fox Cub,MEDIUM,28.0,More on the way,12.0,5.0,2024/01/05 21:59:33
bf110c71-9c84-4760-9af4-47369ce4790b,bce6d9aa-7737-414a-8d0d-6058d3b524c5,Bashful Fox Cub,SMALL,16.5,Out of stock,7.0,4.0,2024/01/05 21:59:33
0af81975-a662-4af8-afd8-a4985a30caea,3b92f571-f2bc-4d76-8029-9532df44f800,Bashful Toffee Puppy,VERY BIG,275.0,In Stock,43.0,18.0,2024/01/05 21:59:37
e1fc629d-f946-4f51-89dd-6236b1c4c45e,3b92f571-f2bc-4d76-8029-9532df44f800,Bashful Toffee Puppy,REALLY BIG,125.0,In Stock,26.0,12.0,2024/01/05 21:59:37
4dfb19c9-40e1-4b72-936d-a0a188f9a9a1,3b92f571-f2bc-4d76-8029-9532df44f800,Bashful Toffee Puppy,MEDIUM,28.0,Returning to stock 2-3 months,12.0,5.0,2024/01/05 21:59:37
a2470f7c-b491-432f-81b5-41d31fedad95,3b92f571-f2bc-4d76-8029-9532df44f800,Bashful Toffee Puppy,SMALL,18.0,Returning to stock 2-3 months,7.0,4.0,2024/01/05 21:59:37
040b6b42-b385-4458-98ed-ebfcaf0a3ac4,799cf952-2b20-40d3-9a45-64f51a80eaee,If I Were A Bunny Book,ONE SIZE,13.5,In Stock,6.0,6.0,2024/01/05 21:59:39
77a75d51-b4fb-408e-9266-94973d70e3ee,85c88fa8-2ae0-4158-bd81-c699076fb5e7,The Very Brave Lion Book,ONE SIZE,15.0,In Stock,9.0,9.0,2024/01/05 21:59:41
6fac0f91-01da-4ee9-b780-0a975f51f2f3,bf4fdcfa-71c0-49b1-b9b3-d234d1dc1abc,If I Were A Bunny Book and Bashful Bunny,SMALL,31.5,In Stock,,,2024/01/05 21:59:43
dfb71cfc-0f64-4832-8b49-77ca4a61caf5,8ba54bd5-8ad7-46f2-9595-9e176f26b8b5,The Very Brave Lion Book and Fuddlewuddle Lion,MEDIUM,45.0,In Stock,,,2024/01/05 21:59:45
f02549e6-d9c5-4694-8f52-2b647500227e,1dec3119-cdea-4dee-b278-57516cafc508,Bashful Twinkle Bunny,MEDIUM,28.0,More on the way,12.0,5.0,2024/01/05 21:59:47
77388b52-77f7-40db-a417-3e5e676c8987,1dec3119-cdea-4dee-b278-57516cafc508,Bashful Twinkle Bunny,SMALL,18.0,In Stock,7.0,4.0,2024/01/05 21:59:47
3ca7af10-b4c9-4553-8245-6707709ffa68,d77a2df8-5b68-41c7-b0ac-1acd7fa6bf5d,Blossom Tulip Bunny,HUGE,80.0,Out of stock,20.0,8.0,2024/01/05 21:59:52
32936948-6b46-46b0-b8f5-1eb636e404c0,d77a2df8-5b68-41c7-b0ac-1acd7fa6bf5d,Blossom Tulip Bunny,LARGE,43.0,In Stock,14.0,6.0,2024/01/05 21:59:52
f9ece549-c396-44e7-baea-d551afae116b,d77a2df8-5b68-41c7-b0ac-1acd7fa6bf5d,Blossom Tulip Bunny,MEDIUM,28.0,In Stock,12.0,5.0,2024/01/05 21:59:52
77a93f21-2902-4870-89c8-76f1a1dd5d3c,d77a2df8-5b68-41c7-b0ac-1acd7fa6bf5d,Blossom Tulip Bunny,SMALL,18.0,In Stock,7.0,4.0,2024/01/05 21:59:52
bcbcc743-a5ca-4f29-adb2-bb01a95578a1,d77a2df8-5b68-41c7-b0ac-1acd7fa6bf5d,Blossom Tulip Bunny,TINY,10.0,Out of stock,5.0,,2024/01/05 21:59:52
22482811-831b-4d7b-b990-1a0e27d93c82,be141f23-8ee7-44e3-8a69-30373de9f284,Blossom Tulip Bunny with Personalised Cream Jumper,MEDIUM,38.0,In Stock,12.0,5.0,2024/01/05 21:59:53
356d5d44-cc68-4abe-989f-dc2386d9c2ca,80bac16e-979f-43bf-9511-6246a7418997,Blossom Tulip Bunny with Personalised Navy Jumper,MEDIUM,38.0,In Stock,12.0,5.0,2024/01/05 21:59:55
87a17761-e7cc-436a-9670-e2a78d653618,dd466818-b45d-471e-9310-b3c4ce9b481e,Blossom Tulip Bunny with Personalised Red Jumper,MEDIUM,38.0,In Stock,12.0,5.0,2024/01/05 21:59:57
ad681d84-76e2-4b69-8b79-2d9c9d3fde19,ee590df7-a483-4a56-aa93-4b8c55e0bf12,Personalised Bashful Silver Bunny Huge,HUGE,86.0,In Stock,20.0,8.0,2024/01/05 21:59:59
514f86ab-b5bf-4a3b-b607-52b4e69b6790,8a390f72-426b-4b65-86de-bc150b6d205b,If I Were An Elephant Book,ONE SIZE,13.5,In Stock,6.0,6.0,2024/01/05 22:00:01
7ca56871-d2ec-4ad2-97d4-9631ec6dba40,ef1e6cc6-c9e4-4798-a453-a63edcc21c1b,The Magic Bunny Book,ONE SIZE,15.0,In Stock,7.0,7.0,2024/01/05 22:00:03
0d99b307-f40d-4d1b-9e21-97920f88b24a,b3032d0f-dbb7-4953-82b4-e7e32808f1c3,When I am Big Book,ONE SIZE,15.0,In Stock,8.0,8.0,2024/01/05 22:00:04
6a6050d6-67d8-4a9d-ac68-9839ebd9119c,dae9e552-0788-4813-871d-016db227da46,Bumbly Bear,HUGE,99.0,Out of stock,23.0,9.0,2024/01/05 22:00:09
3ba1b97f-231d-4625-ab2b-70f08400c4d1,dae9e552-0788-4813-871d-016db227da46,Bumbly Bear,LARGE,60.0,In Stock,20.0,7.0,2024/01/05 22:00:09
bd68d7c6-a1d8-4fc9-a79d-eb350f02fa2e,dae9e552-0788-4813-871d-016db227da46,Bumbly Bear,MEDIUM,43.0,In Stock,15.0,6.0,2024/01/05 22:00:09
b71e8ec5-57c3-4c42-89e4-57cd4c2c2d46,dae9e552-0788-4813-871d-016db227da46,Bumbly Bear,SMALL,28.0,More on the way,11.0,4.0,2024/01/05 22:00:09
b0f0ddde-3001-4456-aa2b-1ffd01c5077c,c0c5b9b7-df63-45e8-a48d-32ac078a0065,The Magic Bunny Book and Bashful Cottontail Bunny,MEDIUM,43.0,In Stock,,,2024/01/05 22:00:10
b552255c-6601-4932-8854-051d12a0658b,a0c8abb0-dfc2-410b-82ad-9446b7139b40,Bashful Unicorn,MEDIUM,28.0,In Stock,12.0,5.0,2024/01/05 22:00:12
fb0497a9-5169-470b-b667-7183d8e00399,a0c8abb0-dfc2-410b-82ad-9446b7139b40,Bashful Unicorn,SMALL,18.0,In Stock,7.0,4.0,2024/01/05 22:00:12
97d698a3-fbda-4427-b4a3-bccc45575698,8828d578-76f1-42e2-ac8c-91e40b6ea312,Fuddlewuddle Monkey,MEDIUM,30.0,In Stock,9.0,5.0,2024/01/05 22:00:14
8b8dcbdb-e070-4fb1-b612-12e8dba2f8db,e0af7308-c95d-45a3-a9db-bfa9a72e18e6,Bashful Beige Bunny Grabber,ONE SIZE,15.0,In Stock,7.0,3.0,2024/01/05 22:00:16
45470de7-01a3-4e3b-b18c-903c9f6e5d84,4bae8a90-d52e-4dc8-89c2-bcbe7543ec95,Bashful Pink Bunny Grabber,ONE SIZE,15.0,In Stock,7.0,3.0,2024/01/05 22:00:18
18be0a2a-7275-4a20-8af0-ad4bc015fd7e,26aaf36e-ee3d-4316-85dc-93a6b3d33a98,If I Were A Rabbit Book,ONE SIZE,13.5,In Stock,6.0,6.0,2024/01/05 22:00:19
c65f2bd9-ae2f-4f0f-b604-3ec7cdb1c7df,3f39078c-18fe-4e8d-9273-7cbea0b9ac4b,If I Were A Rabbit Book and Bashful Tulip Bunny,SMALL,31.5,In Stock,,,2024/01/05 22:00:27
8108fa0d-9651-4115-8dd2-7afc41171238,7c38e9bc-4fee-4fd4-b538-9dfbe49c1655,Fuddlewuddle Lion,HUGE,69.0,Out of stock,17.0,9.0,2024/01/05 22:00:29
13d8e364-1984-41bb-8dfa-0645ab5c0d8b,7c38e9bc-4fee-4fd4-b538-9dfbe49c1655,Fuddlewuddle Lion,LARGE,50.0,More on the way,12.0,6.0,2024/01/05 22:00:29
cbc73c68-ac58-4f8d-95f1-a01b4fbadeb9,7c38e9bc-4fee-4fd4-b538-9dfbe49c1655,Fuddlewuddle Lion,MEDIUM,30.0,In Stock,9.0,5.0,2024/01/05 22:00:29
18f5d982-a08b-496d-ba2b-8dd6fe1008a1,0013303f-6121-4627-a0b2-e28580e7d542,Bartholomew Bear,REALLY BIG,140.0,In Stock,22.0,13.0,2024/01/05 22:00:34
68606df6-c5f8-4f1b-bf3f-83ea66af0623,0013303f-6121-4627-a0b2-e28580e7d542,Bartholomew Bear,HUGE,55.0,In Stock,19.0,7.0,2024/01/05 22:00:34
efb9c003-808b-4402-9414-72f7a91ddedc,0013303f-6121-4627-a0b2-e28580e7d542,Bartholomew Bear,LARGE,40.0,In Stock,14.0,7.0,2024/01/05 22:00:34
d11f84f5-dcd0-4e0e-b4d9-7c961eff0dcd,0013303f-6121-4627-a0b2-e28580e7d542,Bartholomew Bear,MEDIUM,28.0,More on the way,11.0,5.0,2024/01/05 22:00:34
8c542752-751d-4369-87a4-d6fec5c92ddb,0013303f-6121-4627-a0b2-e28580e7d542,Bartholomew Bear,TINY,18.5,In Stock,6.0,3.0,2024/01/05 22:00:34
9550aea0-72a3-4d79-b19c-ce59be55d432,145c8af6-91b5-4270-a0ad-38f899dfb29f,Bashful Silver Bunny,VERY BIG,275.0,In Stock,43.0,18.0,2024/01/05 22:00:40
c9866358-3278-4a0a-a347-01d959d7695a,145c8af6-91b5-4270-a0ad-38f899dfb29f,Bashful Silver Bunny,REALLY BIG,125.0,In Stock,26.0,11.0,2024/01/05 22:00:40
85d65166-56f8-4119-ae22-48c8dee07ece,145c8af6-91b5-4270-a0ad-38f899dfb29f,Bashful Silver Bunny,HUGE,80.0,In Stock,20.0,8.0,2024/01/05 22:00:40
f7ab0da7-5cc8-44e1-baa5-04e85b1e5d96,145c8af6-91b5-4270-a0ad-38f899dfb29f,Bashful Silver Bunny,LARGE,37.5,Out of stock,14.0,6.0,2024/01/05 22:00:40
2286bd63-1b51-45ec-a83f-b65728b95ff2,145c8af6-91b5-4270-a0ad-38f899dfb29f,Bashful Silver Bunny,MEDIUM,28.0,In Stock,12.0,5.0,2024/01/05 22:00:40
ac2cad13-25b8-47cc-9d43-3e2c25a570f3,145c8af6-91b5-4270-a0ad-38f899dfb29f,Bashful Silver Bunny,SMALL,18.0,In Stock,7.0,4.0,2024/01/05 22:00:40
af08fb95-5501-4ed5-aa9c-a46b79407a8a,5a7eef11-2abf-47c2-8207-3b2466265086,Bashful Silver Bunny with Personalised Cream Jumper,MEDIUM,38.0,In Stock,12.0,5.0,2024/01/05 22:00:42
de8fd005-1f00-4c65-a32f-8c93e3ad29a7,a6ac43c8-a47b-41c0-82a1-30f125ace43e,Bashful Silver Bunny with Personalised Navy Jumper,MEDIUM,38.0,In Stock,12.0,5.0,2024/01/05 22:00:44
6913a576-e478-4071-9398-9be04f63e35e,6d6044bf-ddb9-4f76-a9cd-95affd24ab9b,Bashful Silver Bunny with Personalised Red Jumper,MEDIUM,38.0,In Stock,12.0,5.0,2024/01/05 22:00:46
73cf2014-5f63-4af1-8a59-ba51584c5929,3a0d72fa-b15c-44d2-8170-effd6446187c,Personalised Bashful Silver Bunny Medium,MEDIUM,34.0,In Stock,12.0,5.0,2024/01/05 22:00:48
5369bdd1-6f7a-4013-96ea-bbd3277ee68b,5499eaa5-a33e-47ce-a7a2-80a30ed8a54e,Bashful Cottontail Bunny,VERY BIG,275.0,In Stock,43.0,18.0,2024/01/05 22:00:53
6223596a-2359-4b6a-a0d7-991b576002ba,5499eaa5-a33e-47ce-a7a2-80a30ed8a54e,Bashful Cottontail Bunny,REALLY BIG,125.0,In Stock,26.0,12.0,2024/01/05 22:00:53
9abe3a0f-57d3-42ef-8337-c5c70a920680,5499eaa5-a33e-47ce-a7a2-80a30ed8a54e,Bashful Cottontail Bunny,MEDIUM,28.0,In Stock,12.0,5.0,2024/01/05 22:00:53
b9669ae0-6398-4d98-a0a8-03f2cbbdba72,5499eaa5-a33e-47ce-a7a2-80a30ed8a54e,Bashful Cottontail Bunny,SMALL,17.5,Out of stock,7.0,4.0,2024/01/05 22:00:53
30b23185-151f-439d-83a8-8d8981d7537f,c7b4349f-c754-4d25-804d-324a61e35bde,Blossom Cream Bunny,LARGE,43.0,Out of stock,14.0,6.0,2024/01/05 22:00:55
7afe91ac-f702-486d-aabe-25206c19407e,c7b4349f-c754-4d25-804d-324a61e35bde,Blossom Cream Bunny,MEDIUM,28.0,Returning to stock 3-4 weeks,12.0,5.0,2024/01/05 22:00:55
3cc91f9f-bd69-4959-9fa9-b80253365a68,c7b4349f-c754-4d25-804d-324a61e35bde,Blossom Cream Bunny,SMALL,18.0,In Stock,7.0,4.0,2024/01/05 22:00:55
fd772fcd-d32c-4a81-ae74-2d22bd8ffc44,b24f3372-a2b3-466a-b1ed-6fbe3ae32a75,Bashful Cottontail Bunny with Personalised Cream Jumper,MEDIUM,38.0,In Stock,12.0,5.0,2024/01/05 22:00:57
76de6035-6e40-4826-a3b1-9942f393d85d,9f20f7fb-5773-4504-9913-97cf2f78f820,Bashful Cottontail Bunny with Personalised Navy Jumper,MEDIUM,38.0,In Stock,12.0,5.0,2024/01/05 22:00:59
a21acc31-e524-4b5f-a7c8-775d728155a3,6db237b9-c78e-4bd9-9af3-206cea588280,Bashful Cottontail Bunny with Personalised Red Jumper,MEDIUM,38.0,In Stock,12.0,5.0,2024/01/05 22:01:01
ee5c0e8d-739e-4ead-a8ed-8800a01b8616,bf550280-4ae6-4d2b-857e-76a9e5aa7f04,Personalised Bashful Cottontail Bunny Medium,MEDIUM,34.0,In Stock,12.0,5.0,2024/01/05 22:01:03
c8f07acf-3ebe-466c-8770-86331b92ebdd,99bc16b6-8b2f-4acd-9e28-db7787a0d97e,Bashful Monkey Soother,ONE SIZE,25.0,In Stock,13.0,13.0,2024/01/05 22:01:05
e4b65ac1-e7f4-40bc-8104-0afc314f855c,d6676feb-2276-46ae-a08f-4c68a04d17b2,Bashful Black & Cream Puppy,VERY BIG,275.0,In Stock,43.0,18.0,2024/01/05 22:01:07
701f17bb-2948-4722-812c-53b0eb995f64,d6676feb-2276-46ae-a08f-4c68a04d17b2,Bashful Black & Cream Puppy,MEDIUM,28.0,In Stock,12.0,5.0,2024/01/05 22:01:07
4ca06666-52ee-4651-a053-6dc5b92129d6,d6676feb-2276-46ae-a08f-4c68a04d17b2,Bashful Black & Cream Puppy,SMALL,18.0,In Stock,7.0,4.0,2024/01/05 22:01:07
0e5f2055-890c-4145-9f5b-3d18f3bd16dd,d02a95da-b6e1-45da-a77d-aa79b1591522,Bashful Blue Bunny,HUGE,67.5,Out of stock,20.0,8.0,2024/01/05 22:01:10
e2f099a7-8346-4ce5-8606-a121f975c021,d02a95da-b6e1-45da-a77d-aa79b1591522,Bashful Blue Bunny,MEDIUM,28.0,In Stock,12.0,5.0,2024/01/05 22:01:10
b81a3585-f08d-4eb9-b8f0-826ce6f1a91d,d02a95da-b6e1-45da-a77d-aa79b1591522,Bashful Blue Bunny,TINY,10.0,Out of stock,5.0,2.0,2024/01/05 22:01:10
bf8912f2-3718-4d69-99c3-1518d30501b5,82d7d3e7-0007-4683-8ab4-3c5a4e891084,Bashful Pink Bunny,HUGE,67.5,Out of stock,20.0,8.0,2024/01/05 22:01:15
167d4894-fce9-48fd-a1d6-31193b85aac1,82d7d3e7-0007-4683-8ab4-3c5a4e891084,Bashful Pink Bunny,LARGE,43.0,Out of stock,14.0,6.0,2024/01/05 22:01:15
e95f5c00-e820-45b0-8e95-3210c008f1a8,82d7d3e7-0007-4683-8ab4-3c5a4e891084,Bashful Pink Bunny,MEDIUM,28.0,In Stock,12.0,5.0,2024/01/05 22:01:15
fa51eb50-afb0-4e0c-92ee-cb6d3f576824,82d7d3e7-0007-4683-8ab4-3c5a4e891084,Bashful Pink Bunny,TINY,10.0,Out of stock,5.0,2.0,2024/01/05 22:01:15
5af2b31c-e9e4-4470-9751-da3d8cb3eb17,c103ef16-a23f-4c00-be88-baa1fa8b6bfe,Fuddlewuddle Puppy,MEDIUM,30.0,In Stock,9.0,5.0,2024/01/05 22:01:18
f8d3152c-360e-4014-b435-eb266d63901f,8fc3f5ab-785e-4271-b14f-f4db20699faf,Bashful Black & Cream Puppy with Personalised Cream Jumper,MEDIUM,38.0,In Stock,12.0,5.0,2024/01/05 22:01:20
f7632ec7-20eb-4a69-9bf1-280f06f6b392,939b2be5-057e-4fd4-aa12-32d446fd745f,Bashful Blue Bunny with Personalised Cream Jumper,MEDIUM,38.0,In Stock,12.0,5.0,2024/01/05 22:01:22
ae2a56ca-aaaa-42f9-bbd0-b2c6583204ac,9f0c7886-cf5e-43d4-b229-688187abc81f,Bashful Pink Bunny with Personalised Cream Jumper,MEDIUM,38.0,In Stock,12.0,5.0,2024/01/05 22:01:23
0dbed300-c866-42be-9af1-d8b4dabb759f,4a13801e-1798-44b7-b797-285bb0ae3421,Bashful Black & Cream Puppy with Personalised Navy Jumper,MEDIUM,38.0,In Stock,12.0,5.0,2024/01/05 22:01:25
11cf6476-13c3-4a1e-a0e1-e22833adadae,90854a45-8403-4af0-85eb-41a4c0be761d,Iris Siamese Cat,ONE SIZE,33.0,More on the way,11.0,5.0,2024/01/05 22:01:27
01df8342-1975-4759-b2ce-a54d50f99d08,9084aed3-4f75-450b-acb5-c8ca71e733cd,Bashful Blue Bunny with Personalised Navy Jumper,MEDIUM,38.0,In Stock,12.0,5.0,2024/01/05 22:01:29
44da47b1-cd4b-4849-a3b2-d9f78da65cc9,89a2caff-3e32-47ff-be8a-1eba9454af2d,Bashful Pink Bunny with Personalised Navy Jumper,MEDIUM,38.0,In Stock,12.0,5.0,2024/01/05 22:01:31
a57f72b8-1518-4ad5-be1b-5993d595b296,35db45d8-fe84-4739-82cf-718d0511db6e,Bashful Black & Cream Puppy with Personalised Red Jumper,MEDIUM,38.0,In Stock,12.0,5.0,2024/01/05 22:01:33
8c3c15c4-7282-42c1-a07d-ff2124807eb1,34b2b99b-592d-4eb7-a96d-8d250e6b6912,Bashful Blue Bunny with Personalised Red Jumper,MEDIUM,38.0,In Stock,12.0,5.0,2024/01/05 22:01:35
4ec9dac7-f01f-4804-b44c-221abe8a3a84,d664f739-01bc-4919-a17f-81124fb7586b,Bashful Pink Bunny with Personalised Red Jumper,MEDIUM,38.0,In Stock,12.0,5.0,2024/01/05 22:01:37
62669433-2496-40c5-8a55-8b8fe9efcaa0,9d8cb19e-ca64-44e1-a85e-a2b5321d9ffe,Personalised Bashful Blue Bunny Medium,MEDIUM,34.0,In Stock,12.0,5.0,2024/01/05 22:01:39
3e2787e9-8495-4316-a3f9-a2cebfcca5c6,9f82ea80-c29a-4c67-80fa-18ea12d1286f,Bashful Pink Bunny Rattle,SMALL,15.0,In Stock,7.0,4.0,2024/01/05 22:01:41
137c45e1-a094-4d51-b707-9623ae4de5d1,49dc310b-be0d-46af-bcbd-6caa834a49ab,Bashful Pink Bunny Soother,ONE SIZE,25.0,In Stock,13.0,13.0,2024/01/05 22:01:42
c0ccce2d-d2b5-44b3-a438-8ffd7c4c82ee,0b144da0-6100-4c84-8dae-871a2bdc411e,Personalised Bashful Cream Bunny Huge,HUGE,86.0,In Stock,20.0,8.0,2024/01/05 22:01:44
da07d919-ceaa-4061-b9a7-0c52e9cfceac,fe9fab32-c9f1-4e10-a828-4b3d66262557,Edward Bear,MEDIUM,30.0,In Stock,13.0,6.0,2024/01/05 22:01:46
c910e1ce-56be-4b23-ab1b-7619d8490b38,fe9fab32-c9f1-4e10-a828-4b3d66262557,Edward Bear,SMALL,23.0,Out of stock,10.0,5.0,2024/01/05 22:01:46
21129c1c-8e28-4323-9371-d65815a13b2a,d781e006-2705-43ee-8f0f-c8a682cc9408,Personalised Bashful Beige Bunny Huge,HUGE,86.0,In Stock,20.0,8.0,2024/01/05 22:01:48
e5814a20-61e3-4547-9ef2-74e3c9d5cdc7,8230e133-d01b-40b0-99ac-fe890ee3c5d0,Bashful Beige Bunny,VERY BIG,275.0,In Stock,43.0,18.0,2024/01/05 22:01:54
56863412-67ba-40b9-80e9-208ceeae89f5,8230e133-d01b-40b0-99ac-fe890ee3c5d0,Bashful Beige Bunny,REALLY BIG,125.0,In Stock,26.0,12.0,2024/01/05 22:01:54
564d009e-6ac0-45e7-ad70-78933596739e,8230e133-d01b-40b0-99ac-fe890ee3c5d0,Bashful Beige Bunny,HUGE,80.0,In Stock,20.0,8.0,2024/01/05 22:01:54
7bcb685b-003b-4006-861a-3fffde2fa30c,8230e133-d01b-40b0-99ac-fe890ee3c5d0,Bashful Beige Bunny,LARGE,43.0,In Stock,14.0,6.0,2024/01/05 22:01:54
a5579432-d0e1-4195-88f3-f33b1fce4ddd,8230e133-d01b-40b0-99ac-fe890ee3c5d0,Bashful Beige Bunny,MEDIUM,28.0,Out of stock,12.0,5.0,2024/01/05 22:01:54
8fe473d5-7c58-40cd-81b7-b023ca3baff6,8230e133-d01b-40b0-99ac-fe890ee3c5d0,Bashful Beige Bunny,SMALL,18.0,In Stock,7.0,4.0,2024/01/05 22:01:54
a0130f19-84d7-413d-a018-88a8a51e3e40,8230e133-d01b-40b0-99ac-fe890ee3c5d0,Bashful Beige Bunny,TINY,14.0,In Stock,5.0,2.0,2024/01/05 22:01:54
35b01342-a33e-47ab-9e27-36db66c36eb8,59b49b24-6e9e-41e5-90f0-11edd68d8448,Bashful Cream Bunny,VERY BIG,275.0,Returning to stock 2-3 months,43.0,18.0,2024/01/05 22:02:00
5d78f89f-a722-418f-b8ce-4cb2f121b4bd,59b49b24-6e9e-41e5-90f0-11edd68d8448,Bashful Cream Bunny,REALLY BIG,125.0,In Stock,26.0,11.0,2024/01/05 22:02:00
c3339eed-a03d-4f5f-86fb-4205fd2e0ce4,59b49b24-6e9e-41e5-90f0-11edd68d8448,Bashful Cream Bunny,HUGE,80.0,In Stock,20.0,8.0,2024/01/05 22:02:00
1c9a0276-c0d3-45e7-81e4-ce7865507f40,59b49b24-6e9e-41e5-90f0-11edd68d8448,Bashful Cream Bunny,LARGE,43.0,In Stock,14.0,6.0,2024/01/05 22:02:00
071660a5-7652-42e3-bb44-f71f3eb9d6ca,59b49b24-6e9e-41e5-90f0-11edd68d8448,Bashful Cream Bunny,MEDIUM,28.0,Returning to stock 2-3 months,12.0,5.0,2024/01/05 22:02:00
8d56d345-ecf6-42fe-8fad-c331085b520a,59b49b24-6e9e-41e5-90f0-11edd68d8448,Bashful Cream Bunny,SMALL,18.0,In Stock,7.0,4.0,2024/01/05 22:02:00
7ec57169-6ba1-44e7-badf-00a3f21eacef,59b49b24-6e9e-41e5-90f0-11edd68d8448,Bashful Cream Bunny,TINY,14.0,Out of stock,5.0,2.0,2024/01/05 22:02:00
0ac940e1-4664-41a2-b4f4-97c0be85734b,d81747d3-da08-4fa4-9549-ddf446047561,Personalised Rose Dragon Huge,HUGE,126.0,In Stock,7.0,26.0,2024/01/05 22:02:03
0d91c98d-df2f-47b6-bb19-2f045ae9acb5,2f628886-0cf5-46ea-955d-e5f16abce9a3,Personalised Bashful Pink Bunny Soother,ONE SIZE,31.0,In Stock,13.0,13.0,2024/01/05 22:02:04
c36a6ed6-e3be-4008-9482-5f8724d39918,1d11c3fc-a1f1-4b95-9af4-cd1c3a2dc57e,Rory Le Courageux Petit Lion & Fuddlewuddle Lion,MEDIUM,45.0,In Stock,,,2024/01/05 22:02:06
72a55546-976e-41bb-b731-31113f4d9292,3bbf85c4-7071-4b6c-926a-e58bfa5c96fd,All Kinds of Cats Book and Jellycat Jack,MEDIUM,60.0,In Stock,,,2024/01/05 22:02:07
4fa9c22b-c36a-43d1-b80b-0d7d8a6c6e8c,107f9403-7d15-4f3a-8ae7-e3a0241434a9,Lottie Fairy Bunny Book and Lottie Bunny Fairy,ONE SIZE,47.5,In Stock,,,2024/01/05 22:02:09
c405d416-c054-4312-83f0-19bcd3503430,c3db06d3-5469-488e-a958-1eb129ec8ffe,Lapin Timide Veille Sur Tes Nuits & Bashful Cottontail Bunny,MEDIUM,43.0,In Stock,,,2024/01/05 22:02:11
ee86d7cb-ca75-44ce-8d9b-45a3d0d2d1ef,85e07844-b2f9-4c18-9d98-fdb18571b6e6,Merry Mouse Book and Merry Mouse,ONE SIZE,42.5,In Stock,,,2024/01/05 22:02:12
0a16b9c8-7400-46b3-bf90-4b48e0672109,b484211a-c237-48eb-898f-bd0f44c251f1,Lapin Timide Veut Grandir & Bashful Cream Bunny,MEDIUM,43.0,In Stock,,,2024/01/05 22:02:14
8628e212-9e6d-447c-b8f0-f08c89f1bc75,bddcb601-5709-4b4d-a6c0-5dd67fa0ab75,Festival Dragon,ONE SIZE,55.0,Returning to stock next week,4.0,17.0,2024/01/05 22:02:15
c59664f5-ae0c-4e8b-aabd-7672c8b0cc03,c718cc87-1c19-4fc8-af7a-c45865dba493,Archie Dinosaur,ONE SIZE,35.0,More on the way,9.0,6.0,2024/01/05 22:02:17
11dc1e2a-e653-46f6-bf64-505b8e4dfd1d,c50c1929-0bba-4638-9add-4b44323d498d,Bashful Grey Kitty,MEDIUM,28.0,More on the way,12.0,5.0,2024/01/05 22:02:18
eccc5dfe-23d0-48fd-902c-4404ca09b051,67f1b8cd-a010-4afa-b162-725e6bdf8b09,If I Were a Bunny Board Book,ONE SIZE,13.5,Returning to stock 2-3 months,6.0,6.0,2024/01/05 22:02:20
9f943e18-05ae-4fb8-a80c-5c18a9916198,71672f0c-caff-4168-a343-e2ce07f0becc,Blossom Beige Bunny Bag Charm,ONE SIZE,23.0,More on the way,7.0,2.0,2024/01/05 22:02:22
64ed0987-5009-4533-a894-537661735446,734851fb-da12-4fcb-baff-d837751c82cd,Blossom Blush Bunny Bag Charm,ONE SIZE,23.0,More on the way,7.0,2.0,2024/01/05 22:02:23
5572c51b-e2f6-45f5-867c-c237fa9d44ff,77b0c231-5dae-48c0-9852-056027070b0d,Blossom Jasmine Bunny Bag Charm,ONE SIZE,23.0,More on the way,7.0,2.0,2024/01/05 22:02:25
52909f29-eff2-4e88-be41-12511522fcca,d1a75623-482d-4055-bc0f-7b1aadfe9529,Backpack Panda,ONE SIZE,30.0,More on the way,9.0,4.0,2024/01/05 22:02:27
89dfc6e3-d042-48cb-bb3a-8a8d0d6c5f95,0aacf168-80b0-4b5c-a115-abddeb04dd3e,Caboodle Puppy,ONE SIZE,20.0,More on the way,4.0,4.0,2024/01/05 22:02:28
16074348-9a52-41a8-8531-7929bf7ceb49,2d9de0bb-e506-4fad-8f42-4fa59dad626d,Carissa Persian Cat,ONE SIZE,45.0,Returning to stock 2-3 months,10.0,10.0,2024/01/05 22:02:30
798b0f4d-5b27-4465-b687-61a4866961a6,734dbec0-dcfd-40cf-84cd-3f93752f9345,Clyde Capybara,ONE SIZE,43.0,Out of stock,8.0,9.0,2024/01/05 22:02:31
29007483-997a-4749-b1ad-037629228586,c5c8ecc6-1d8c-451c-b495-27103711dbdd,Dara Giraffe,ONE SIZE,75.0,More on the way,22.0,7.0,2024/01/05 22:02:33
6e647284-ccf3-498a-9126-6eda62d15648,3181bd9a-037a-40e3-8835-db4f374d5a25,Dario Donkey,ONE SIZE,60.0,More on the way,14.0,7.0,2024/01/05 22:02:35
bcd9952c-f9e6-45ab-8d00-66ebeb9fad97,46cb924a-7b6e-4768-8fbb-8136480427e2,Fuddlewuddle Ginger Cat,MEDIUM,30.0,More on the way,9.0,5.0,2024/01/05 22:02:36
80253860-731b-4e3b-b69a-40263146e3dc,c64253e5-fefc-40fb-9c98-91579f886e2d,Gordy Guinea Pig,ONE SIZE,30.0,More on the way,8.0,6.0,2024/01/05 22:02:38
e1b00c03-523c-43cc-90e4-ef59706e92f7,5d468660-b0a0-430f-8c4c-cab16083723e,Huddles Kangaroo,ONE SIZE,45.0,Returning to stock 2-3 months,10.0,6.0,2024/01/05 22:02:39
5083268e-2302-41cb-87c5-5350be9d14c9,96490545-48fc-4235-9ea6-eabd3362f768,Little Goat,ONE SIZE,22.0,More on the way,7.0,4.0,2024/01/05 22:02:41
a815f93e-a24a-449a-8238-e5605cb4b201,b0552e07-e2c3-4e41-94de-f1a687b3c9e6,Little Pig Bag,ONE SIZE,40.0,Returning to stock 2-3 months,7.0,7.0,2024/01/05 22:02:43
3595bcd4-117b-41e8-ab21-42841ebd8040,96dbd59d-1210-44a0-a01f-1aa6f6e9e695,Little Pup Bag Charm,ONE SIZE,25.0,More on the way,7.0,2.0,2024/01/05 22:02:44
361953da-d9d9-4564-a6c2-cafbb1bdcd3e,df3c2103-d2c2-489e-9b22-b8ed3a939518,Randall Basset Hound,ONE SIZE,35.0,More on the way,9.0,13.0,2024/01/05 22:02:46
771834ef-609a-4613-a201-1738ec4e6f16,f23c496b-50b2-48a6-9665-7fcccf2105d3,Richie Dromedary,ONE SIZE,60.0,More on the way,11.0,17.0,2024/01/05 22:02:48
bb7d3bbf-2705-472f-810b-0268c2fb2f68,5b66b8c9-8aca-41c4-9356-4a5abff76661,Tilly Golden Retriever,ONE SIZE,35.0,More on the way,11.0,6.0,2024/01/05 22:02:49
36ed6835-471c-4239-9f28-9563cafc6f80,bcea369f-ed65-48ab-9e8a-ac6555c452ed,Wanderlust Elly,ONE SIZE,100.0,More on the way,7.0,14.0,2024/01/05 22:02:51
e81bd9d4-6d00-409c-a301-65e911ae2564,ef45b930-195b-4fe9-b67a-a026dba8dadf,Yummy Puppy,ONE SIZE,20.0,Returning to stock 2-3 months,6.0,3.0,2024/01/05 22:02:53
839bc7d6-bb2b-4424-b160-457081b09543,d71ad256-b6f8-4641-a452-f8e6127d1a40,Dainty Dessert Bunny Cupcake,ONE SIZE,28.0,Returning to stock 2-3 months,6.0,4.0,2024/01/05 22:02:54
f5f072f4-e689-4054-8600-3fe3e956336b,abaff4c9-e406-4719-93c5-eafb7ffe9b90,Fluffy Duck,ONE SIZE,15.0,Returning to stock 2-3 months,4.0,2.0,2024/01/05 22:02:56
439c82b1-0476-4da2-86c4-cf2c5d43da2d,19a04a1d-05b9-4149-8f1f-80c76093e77e,Finnegan Frog,ONE SIZE,20.0,More on the way,9.0,3.0,2024/01/05 22:02:58
ece54dbc-87be-442a-b888-a91fd783802f,5c24356e-eab7-4330-8343-22f700c6d9d8,Honeyhome Bee,ONE SIZE,35.0,More on the way,7.0,7.0,2024/01/05 22:02:59
d2154f68-b3af-4754-879e-5982475041e6,a82684dc-5ae6-4492-8a4f-688c57f8fe91,Smudge Rabbit Big,BIG,75.0,More on the way,6.0,17.0,2024/01/05 22:03:01
f2e83d55-09b8-4fab-b581-29aed92bc1fa,243178b2-0172-483d-b861-ce44710e36ea,Bartholomew Bear Bag,ONE SIZE,38.0,Returning to stock 3-4 weeks,6.0,7.0,2024/01/05 22:03:02
7fee3285-a1c0-4bc0-b271-9c45e8b04d2c,323be65e-ca9c-4c2a-9ca6-25d638560e0c,Bashful Bunny Cream Bag Charm,ONE SIZE,19.0,Out of stock,7.0,2.0,2024/01/05 22:03:04
eeea1aae-659b-4ed5-9ae9-3944eb24a249,5d8874a6-8c36-4c9f-8723-f58b3af2b7b2,Bashful Bunny Truffle Bag Charm,ONE SIZE,19.0,More on the way,7.0,2.0,2024/01/05 22:03:06
7e0d2d29-46a0-4494-9dce-d31123acf490,dd0bbf2c-8fd6-4762-a595-94b644fa0edf,Bashful Bunny Inky Bag Charm,ONE SIZE,19.0,More on the way,7.0,2.0,2024/01/05 22:03:07
14432953-b072-4f8b-95b8-2f36589c3127,0ae09168-0e33-4ecd-a511-62b5657b4d4c,Kitten Tails Activity Book,ONE SIZE,18.5,More on the way,9.0,5.0,2024/01/05 22:03:09
7093d65c-daec-4e3f-8e11-9a1f06f26bba,9285ceb5-71c9-4b90-940e-50b04aa58edf,When I Am Sleepy Book,ONE SIZE,15.0,Returning to stock 3-4 weeks,8.0,8.0,2024/01/05 22:03:11
dea951f9-bc9e-405c-90b2-04fd4788dabb,8238e227-0159-479e-9ce9-3ac62bb370ca,Backpack Puppy,ONE SIZE,30.0,More on the way,9.0,4.0,2024/01/05 22:03:12
1531d1de-c30a-4c07-a749-9517a293d99d,60a543da-dc72-42fa-8715-688a637822df,Caractacus Chameleon,ONE SIZE,65.0,More on the way,15.0,7.0,2024/01/05 22:03:14
ef70336e-5f62-4f24-b046-e6b6a88ab0e4,e42b2f74-d6be-4c07-a6f5-32ab3c0abbe3,Cauldron Cuties,ONE SIZE,35.0,More on the way,6.0,5.0,2024/01/05 22:03:16
54323469-1dc8-47b6-9869-9650aa9a51e0,085592eb-bd5e-41a3-914b-07d34f6c3384,Coquette Cutie Cat,ONE SIZE,32.5,More on the way,10.0,2.0,2024/01/05 22:03:17
e476b52f-2fd9-4a98-9775-db0a9a6d838b,34bd9659-d82c-4f83-8910-f6ac3900dc41,Daphne Pomeranian,ONE SIZE,33.0,More on the way,9.0,8.0,2024/01/05 22:03:19
4fb25f1c-0755-40b1-aec8-c37356d736e3,c5831a23-1a86-480d-8b1a-cfe6ed49cf8a,Floofie St Bernard,ONE SIZE,80.0,More on the way,7.0,16.0,2024/01/05 22:03:20
96a729df-c8c4-495e-899e-2b9aad9183a9,597b15f5-92e3-4235-9278-0339234fea7c,Freya Pony,ONE SIZE,65.0,More on the way,13.0,13.0,2024/01/05 22:03:22
4f05f005-3309-4f5d-8ec6-71e670df4248,41c4c6ba-e6eb-4fe9-8029-35e990b1d8a0,Georgiana Poodle,ONE SIZE,33.0,More on the way,9.0,5.0,2024/01/05 22:03:24
a17c09f2-ed37-4d3f-9032-816fa4c6ca3e,7c7d0ce6-4c78-4749-a730-912a529033e0,Jackson Husky,ONE SIZE,35.0,More on the way,10.0,6.0,2024/01/05 22:03:25
67b17f93-feb7-4db2-b528-0710e8bc2c0e,f0a253c3-8d91-4f67-bb36-dfc05b9bd1b1,Kitten Caboodle Grey,ONE SIZE,20.0,Returning to stock 2-3 months,4.0,4.0,2024/01/05 22:03:27
c349e38f-e54f-4fd7-b2fc-ca9a1b073446,3ecd4ce7-f384-42f7-805a-b31d9b3d986e,Little Snake,ONE SIZE,22.0,Returning to stock 2-3 months,6.0,8.0,2024/01/05 22:03:29
49e2e55f-37ad-4d96-83a6-88e2fa01f5d7,69bedae3-d22c-4d9b-b682-1c3ff3921a95,Munro Scottie Dog Bag Charm,ONE SIZE,23.0,Returning to stock 2-3 months,4.0,2.0,2024/01/05 22:03:31
5c24b975-b4eb-4bf7-9b67-64726aa22bda,ca601247-3aa0-471c-9003-290efd747d61,Munro Scottie Dog Bag,ONE SIZE,40.0,Returning to stock in 1-2 days,9.0,5.0,2024/01/05 22:03:32
15dd5923-9eaf-4a65-bcfe-fd95c39d6e29,115af49e-bf37-4228-858f-b158530f8da1,Myrtle Hippopotamus,ONE SIZE,45.0,More on the way,15.0,6.0,2024/01/05 22:03:34
2d311908-9a52-4de3-934c-a852d6c4ef35,520da64e-aced-45cb-b9fe-ce809338e105,Nessie Nessa,ONE SIZE,30.0,Out of stock,9.0,14.0,2024/01/05 22:03:35
880a6054-0d07-4ec9-b9e5-0d051213ea11,5e647f26-5e55-4ab1-9296-b5afcaede586,Ooky Bat,ONE SIZE,20.0,More on the way,6.0,2.0,2024/01/05 22:03:37
009bef0a-254c-472f-a940-2e74a796f4f1,3cf2be10-d3a4-434a-8dfb-22ce58ea63d1,Otto Sausage Dog Bag,ONE SIZE,40.0,Returning to stock 3-4 weeks,6.0,9.0,2024/01/05 22:03:39
02d76c12-1a51-4aaf-8faf-7793ec7fc67a,1d36b41c-d091-48dd-abaf-5339149049d5,Ricky Rain Frog Bag Charm,ONE SIZE,23.0,Returning to stock 3-4 weeks,3.0,3.0,2024/01/05 22:03:40
bd83c6f2-1adc-41ee-9f61-fc1646cc200e,02e41202-eed6-4db6-9320-05f8026a7e02,Yummy Bear,ONE SIZE,20.0,More on the way,6.0,3.0,2024/01/05 22:03:42
66d93465-cb5a-4740-a0ec-ecfa46cc8374,24a58cc8-1ef4-4ef2-b756-3ca71ac486fa,Birdling Seagull,ONE SIZE,17.0,More on the way,4.0,3.0,2024/01/05 22:03:43
95abdfd9-0422-4389-91c4-9c8a9c515ff8,fa1f50f2-9d16-4d99-91bd-ee856e684890,Little Reindeer,ONE SIZE,20.0,More on the way,7.0,4.0,2024/01/05 22:03:45
642f7f42-8047-48d3-a54e-57f96a9d80f9,6297fbe8-08d0-4cb6-ab7b-36695abaa337,Merry Mouse Sleighing,ONE SIZE,42.5,Out of stock,7.0,4.0,2024/01/05 22:03:46
3961fa36-f983-44ed-9728-1fba1f8ad092,b2b6008a-b87f-496f-a1b2-a149f303ca5d,Nesting Penguins,ONE SIZE,35.0,More on the way,4.0,5.0,2024/01/05 22:03:48
8780e65f-f73a-4ee5-a52b-e5119ee31d45,ab9eed7e-fdd1-4df2-96a7-d6de61aa6e8e,Ronnie Rockhopper Penguin,ONE SIZE,25.0,More on the way,10.0,4.0,2024/01/05 22:03:50
70956e54-df48-4396-9975-15a6457e2290,3ee2df6f-2669-409f-b881-7e82528e4676,Wee Reindeer,ONE SIZE,17.5,Out of stock,5.0,3.0,2024/01/05 22:03:51
9624fbc6-1711-4167-b649-be6e17a8347a,bcec26a6-712b-4a7a-83a3-2ee023059159,Bartholomew Bear Bag Charm,ONE SIZE,23.0,Out of stock,5.0,2.0,2024/01/05 22:03:53
480921ea-b292-475f-b825-7fa2216f2de8,0ba118cc-c7b2-42f9-bc94-d38750a9d58e,Blowzy Belle Cat,ONE SIZE,37.5,More on the way,17.0,4.0,2024/01/05 22:03:54
b2809833-8dfc-4db0-a4d4-ada928c555ca,3ad59b40-383f-49af-9788-60cc5f3df518,Fuzzkin Lamb,ONE SIZE,25.0,More on the way,9.0,4.0,2024/01/05 22:03:56
622b6a52-29d4-4bab-9522-65324672c8c6,47728c06-c3f9-4884-8d9f-0ea134c9b0a3,Herbie Highland Cow,ONE SIZE,35.0,More on the way,10.0,6.0,2024/01/05 22:03:58
e6dbf17a-354c-48bd-9083-41a80c80594c,e3c356c3-ffdc-4bf0-a099-7b9044826139,Little Monkey,ONE SIZE,22.0,More on the way,7.0,4.0,2024/01/05 22:03:59
e5046d80-5f15-4ee0-8065-f683623b8b49,4383c475-46d9-462d-b623-44e41b7046b0,Little Mouse,ONE SIZE,22.0,More on the way,7.0,4.0,2024/01/05 22:04:01
8358c82d-7f3b-4e2b-a116-e980b8e9c746,5655a135-7ac9-4623-894f-f6c7bdc9dbf6,Personalised Bashful Luxe Bunny Rosa Huge,HUGE,91.0,More on the way,20.0,8.0,2024/01/05 22:04:03
914cfbc3-8f46-475d-8394-e6a05f212ab0,90216775-4b72-40b8-b1c6-5022853407c7,Sweetsicle Elephant,ONE SIZE,20.0,More on the way,6.0,3.0,2024/01/05 22:04:04
fb579425-b8f9-4f7f-9ed6-03c7d01bf0fa,18040bb0-03e0-4738-94f0-4b7c0b05328c,Tumblie Elephant,ONE SIZE,30.0,Returning to stock 2-3 months,5.0,14.0,2024/01/05 22:04:06
12e19b83-5ea7-48e6-b57c-e6c48eb9bffb,4415d06e-a431-4ad3-8c0c-f91c77d7dd40,Wavelly Whale Blue,ONE SIZE,15.0,More on the way,2.0,6.0,2024/01/05 22:04:08
479670f2-684a-4501-a549-ee89dedf9bd9,169fb4d1-0e61-4ae9-a4f7-cc7761c1c5a7,Wavelly Whale Grey,ONE SIZE,15.0,Returning to stock 2-3 months,3.0,5.0,2024/01/05 22:04:09
d7c86a8f-55aa-4a03-8133-a71a25f90d86,75d19eea-512d-4a6e-b970-b2db3940cbb2,Lottie The Ballet Bunny Book,ONE SIZE,15.0,Returning to stock 3-4 weeks,7.0,7.0,2024/01/05 22:04:11
b48e521c-7c77-475f-aa93-73e61475eceb,9293bd6e-b3fa-477d-a123-593c41a3f0b5,Sandy Snail,ONE SIZE,27.0,Returning to stock 2-3 months,5.0,3.0,2024/01/05 22:04:12
3b0a22c4-1e7b-45ea-96c2-33ae96602e0a,1bd1c117-c6a8-4058-af32-97641958db42,Yummy Duckling,ONE SIZE,20.0,More on the way,6.0,4.0,2024/01/05 22:04:14
26ef52d4-94d9-4da5-86c3-ff09bd955695,b74973de-fbb8-4411-8da3-50f50c946d79,Yummy Lamb,ONE SIZE,20.0,More on the way,6.0,4.0,2024/01/05 22:04:15
52e3470e-d5b0-495c-ad22-1e100f7f6081,a13119f8-f26e-45cf-b106-12acb25d8e32,Amore Dog,ONE SIZE,40.0,More on the way,10.0,7.0,2024/01/05 22:04:17
da5d03d5-4578-4e62-9d8f-ebdb0a0c5b4e,c3857a08-4c57-4043-8fda-d47dcfa5ffd7,Ambrosie Squirrel,ONE SIZE,35.0,More on the way,9.0,4.0,2024/01/05 22:04:19
5d5bed3d-6f32-41d1-921f-6255ab28bf39,840cfdf8-4b09-49c5-a4ee-2d31325d928e,Archibald Elephant,MEDIUM,28.0,Returning to stock 2-3 months,10.0,5.0,2024/01/05 22:04:20
200dd811-0422-4e06-a413-b16b54520ebf,73452b49-1482-4f4d-927b-baf4d6ba5fb1,Barnabus Pig,HUGE,55.0,Out of stock,17.0,7.0,2024/01/05 22:04:23
0975e889-6218-4fed-a203-04d8814dc424,73452b49-1482-4f4d-927b-baf4d6ba5fb1,Barnabus Pig,MEDIUM,28.0,Returning to stock 2-3 months,10.0,5.0,2024/01/05 22:04:23
0e320b2b-b315-464c-81f9-f8e5abda0907,faf4e6b0-a388-48d6-b5a3-150a1de9f14a,Bashful Koala,MEDIUM,28.0,More on the way,11.0,5.0,2024/01/05 22:04:24
e2732f07-a7af-4669-b132-4107f8f9318b,e06de398-fe13-463c-97d6-968a1adc7cb7,Backpack Unicorn,ONE SIZE,30.0,More on the way,9.0,4.0,2024/01/05 22:04:26
7a7eff28-fc6a-46fe-851f-88698e4adffe,b78512ef-efd0-468a-b103-d6e6cd7d336b,Floofie Sheepdog,ONE SIZE,80.0,More on the way,10.0,16.0,2024/01/05 22:04:28
6eb37933-d060-46f6-affc-7bbc0918e6bb,5264451d-8b1f-4eda-a362-03b8bbcd8594,Magnus Manatee,ONE SIZE,50.0,More on the way,6.0,14.0,2024/01/05 22:04:29
08a3bcce-84a9-4752-bee9-293b9730511a,aeafe3fb-b7a3-4844-9e9a-5287c58e839d,Napping Nipper Cat,ONE SIZE,25.0,More on the way,4.0,6.0,2024/01/05 22:04:31
2986d882-6a3a-45fc-a8eb-3cb7c94ea5e0,76c36e5d-e143-492d-a626-0b31b4d60683,Otto Sausage Dog,HUGE,75.0,Out of stock,11.0,13.0,2024/01/05 22:04:33
48846148-4e58-4613-9de5-1b3e0b154d79,76c36e5d-e143-492d-a626-0b31b4d60683,Otto Sausage Dog,LARGE,30.0,More on the way,7.0,7.0,2024/01/05 22:04:33
554748b9-e831-4a65-a1ee-93ab95ce2614,76c36e5d-e143-492d-a626-0b31b4d60683,Otto Sausage Dog,SMALL,22.0,More on the way,5.0,7.0,2024/01/05 22:04:33
0b9e091d-c7f9-4592-810e-7fc646abc4be,1bd08b8a-093c-4cd6-9af2-c6a312bd0e34,Hibernating Penguin,ONE SIZE,22.0,More on the way,5.0,5.0,2024/01/05 22:04:35
bc2e985e-4c43-445b-a550-69ce903a40e7,8b3a441c-f26b-48da-b636-63cb487f99a0,Little Penguin,ONE SIZE,22.0,More on the way,7.0,3.0,2024/01/05 22:04:36
0e12521d-f17d-42d1-9404-43bf9b4170c5,e6f0326f-cb26-49f8-8b43-0e692d44f65f,Merry Mouse Candy Cane,ONE SIZE,27.5,More on the way,7.0,4.0,2024/01/05 22:04:38
6e20f2a7-0cea-4d43-89d8-a9980ca5f742,9b351dd3-c2a5-4bea-bda5-e004a9bbd28d,Mitzi Reindeer,LARGE,50.0,More on the way,14.0,4.0,2024/01/05 22:04:40
e58ca96e-feb7-430a-b09f-69cf1fb290d7,9b351dd3-c2a5-4bea-bda5-e004a9bbd28d,Mitzi Reindeer,MEDIUM,32.5,More on the way,10.0,3.0,2024/01/05 22:04:40
a93208ef-f973-45f2-a621-7a600965e284,43faba47-5f58-4a47-8d3f-c21a29589ad1,Bashful Black Kitten,MEDIUM,28.0,More on the way,12.0,5.0,2024/01/05 22:04:42
385ea357-c193-4a82-a04b-9049dc9d215c,b66aa916-c19d-4f8e-a536-dc73c32f1da6,Bashful Snow Tiger,REALLY BIG,125.0,Out of stock,26.0,12.0,2024/01/05 22:04:44
b76fbf5f-2a09-41c5-ba78-759a0958f737,b66aa916-c19d-4f8e-a536-dc73c32f1da6,Bashful Snow Tiger,HUGE,80.0,Out of stock,20.0,8.0,2024/01/05 22:04:44
11225ebd-0a8e-4e05-b89e-dbf6b44d9cb5,b66aa916-c19d-4f8e-a536-dc73c32f1da6,Bashful Snow Tiger,MEDIUM,28.0,Returning to stock 3-4 weeks,12.0,5.0,2024/01/05 22:04:44
b4314cae-7aab-43b1-914a-05ed759c9d33,2b231a42-af2c-471b-b4e1-fe2d21cf80b3,Birdling Blue Jay,ONE SIZE,17.0,More on the way,4.0,3.0,2024/01/05 22:04:46
524d176e-4370-46e0-b5e1-2eed1c49b2a4,c2ca5355-7166-4d48-9199-143c6d714c65,Birdling Mallard,ONE SIZE,17.0,More on the way,4.0,3.0,2024/01/05 22:04:47
2bd1b83a-4332-4f18-84d4-34d2f512c465,899f28f2-249d-4384-9b14-a712759f2315,Birdling Pigeon,ONE SIZE,17.0,More on the way,4.0,3.0,2024/01/05 22:04:49
d641b414-4ef6-4bfc-b98a-2bebe415ae27,d454319b-a36a-47dc-baf5-2605989b1266,My Dad and Me Book,ONE SIZE,15.0,Returning to stock 3-4 weeks,8.0,8.0,2024/01/05 22:04:50
4d80551d-e7e5-4a4c-b400-2e42df7f5b96,cee1047a-b283-4791-a444-f789ae291b83,Backpack Elephant,ONE SIZE,30.0,More on the way,9.0,4.0,2024/01/05 22:04:52
239657af-e8b5-4dd2-93c2-8a2d8d088cf0,5607e313-0e7e-4aa8-bedf-dcbf447af4b9,Bruce Bush Baby,ONE SIZE,27.5,More on the way,7.0,5.0,2024/01/05 22:04:54
848935be-3854-462c-a49f-2ff5eff57ad3,ce960f78-947d-4a65-9002-dbc3deedf5d8,Curvie Sheep Dog,ONE SIZE,33.0,More on the way,9.0,6.0,2024/01/05 22:04:55
1bfc7f65-01cc-4961-91a1-80bce63ba98c,2537500f-189a-4fb9-aa58-07dab7264ddd,Flumpie Frog,ONE SIZE,28.0,More on the way,7.0,5.0,2024/01/05 22:04:57
d82cdf7e-e48e-48f6-8622-f9d16ede279b,2baf387e-15fb-4545-8483-8bfd4dfb7a50,Huggady Panda,LARGE,67.5,Out of stock,13.0,7.0,2024/01/05 22:04:59
a8857d91-533f-410c-9dba-bfe1b5112a2c,2baf387e-15fb-4545-8483-8bfd4dfb7a50,Huggady Panda,MEDIUM,30.0,More on the way,9.0,5.0,2024/01/05 22:04:59
5ae14dbe-8bce-4f5e-9bfa-d80487e1d310,c4d70547-8338-48df-b019-b38749ed39b2,Bashful Snow Tiger with Personalised Cream Jumper,MEDIUM,38.0,Returning to stock 3-4 weeks,12.0,5.0,2024/01/05 22:05:01
fe494cf7-8819-47a1-84e7-c1e6815c32b0,681c01a7-7a10-4526-a7e5-b2392bf800c7,Bashful Snow Tiger with Personalised Navy Jumper,MEDIUM,38.0,Returning to stock 3-4 weeks,12.0,5.0,2024/01/05 22:05:03
460b6c3d-d992-40f2-8971-f307833b9cd9,e72bd845-0186-4c7c-a19f-53377d0a0609,Bashful Snow Tiger with Personalised Red Jumper,MEDIUM,38.0,Returning to stock 3-4 weeks,12.0,5.0,2024/01/05 22:05:05
75867346-2b37-4437-9bc7-756a1ab82dae,f53a4bd3-4008-4ebb-85f3-96bc0722f8ce,Kitten Caboodle Ginger,ONE SIZE,20.0,More on the way,4.0,4.0,2024/01/05 22:05:06
0bc60c7b-6700-4054-8a8b-5c649d7219f4,896f6249-4767-43d5-8ae2-57345e3bfa4f,Little Frog,ONE SIZE,22.0,More on the way,7.0,4.0,2024/01/05 22:05:08
