jellycatsizeid,jellycatid,jellycatname,size,height,width,price,stock,datecreated
a78c7bd9-2c73-43e9-bb08-d5f2bdb7765d,6e58d726-04ad-44ab-84e9-c2e1533ca003,Bashful Luxe Bunny Azure,HUGE,20.0,8.0,85.0,In Stock,2024-01-06 07:37:14
da2b959c-7a21-4579-b4eb-8e271abffc58,6e58d726-04ad-44ab-84e9-c2e1533ca003,Bashful Luxe Bunny Azure,MEDIUM,12.0,5.0,35.0,In Stock,2024-01-06 07:37:14
5e87f852-5b0b-4854-ab27-2f1f9ac63055,d46d24ab-b5b4-413a-bbcf-dd4e65bc470b,All Kinds of Cats Book,ONE SIZE,9.0,7.0,15.0,In Stock,2024-01-06 07:37:17
d04b1e43-f456-4bf1-8a88-f51baca1c792,7a15559c-b847-4a95-ad59-4b57a9805259,Fergus Frog,ONE SIZE,13.0,4.0,50.0,In Stock,2024-01-06 07:37:20
17187314-f15d-4d0c-ab91-f83e6e939482,d0d00bb8-d520-4d63-aff8-3336e46f155e,Jellycat Head Giant,ONE SIZE,22.0,24.0,220.0,In Stock,2024-01-06 07:37:22
b1c756c6-5d5f-4d48-b337-2d82f0686992,f5b9ef8b-ef76-4e2d-bdf6-db2248bb1725,Jellycat Jack,REALLY BIG,26.0,9.0,165.0,In Stock,2024-01-06 07:37:25
b3721001-7f3a-4e5e-845a-da076d830f28,f5b9ef8b-ef76-4e2d-bdf6-db2248bb1725,Jellycat Jack,HUGE,19.0,6.0,110.0,In Stock,2024-01-06 07:37:25
85397cdc-01f1-491b-a6f8-145f4663d537,f5b9ef8b-ef76-4e2d-bdf6-db2248bb1725,Jellycat Jack,MEDIUM,13.0,4.0,45.0,Returning to stock next week,2024-01-06 07:37:25
63b8658f-d3e1-4abd-b715-7b723e7d72bf,fa4536c0-390a-44cd-8ce6-cd862d2b8b04,Jellycat Bag Charm,ONE SIZE,5.0,4.0,28.0,In Stock,2024-01-06 07:37:26
556f4db1-ec55-4b4e-ab40-973c168eec6f,07b6eae9-446e-4e8c-abe2-6a8703f91b8a,Jellycat Bag,ONE SIZE,6.0,9.0,45.0,In Stock,2024-01-06 07:37:28
5a89a844-a041-4059-8fa3-0f930542b2b0,b4685b6b-6fb3-45c7-b057-5402896a9d4b,Junglie Monkey,MEDIUM,18.0,7.0,55.0,In Stock,2024-01-06 07:37:30
cd23ac83-bac3-4ea9-ad23-d426dfb90ff3,99241227-1aef-49cf-b213-3b2e0c7453e7,Truffles Sheep,LARGE,9.0,25.0,110.0,In Stock,2024-01-06 07:37:31
1ae15035-d30a-4230-be65-2223e430c99c,84486614-3f2e-4387-8a26-1e4cb9b16c54,Golden Dragon,HUGE,7.0,26.0,120.0,In Stock,2024-01-06 07:37:33
231b766b-8329-4911-b1ac-192e396337b2,84486614-3f2e-4387-8a26-1e4cb9b16c54,Golden Dragon,LARGE,5.0,20.0,65.0,In Stock,2024-01-06 07:37:33
b65da940-49c3-4fda-85ae-dca45b0ed8ca,84486614-3f2e-4387-8a26-1e4cb9b16c54,Golden Dragon,LITTLE,3.0,12.0,32.5,In Stock,2024-01-06 07:37:33
2f954c2b-7f80-4c9f-9156-ccaba5099987,7a2ed4ed-cbcf-45c4-a816-13f24e8183e0,Golden Dragon Bag Charm,ONE SIZE,5.0,9.0,28.0,In Stock,2024-01-06 07:37:35
5359a561-c9d8-43e6-8d66-951c73a28bd7,74edf79a-9892-4063-bc82-7a2e377ebebd,Lavender Dragon Bag Charm,ONE SIZE,5.0,9.0,28.0,In Stock,2024-01-06 07:37:36
a132686c-a2ec-402a-bc22-df0a8aad8016,00d5b509-788f-42d4-ab4b-7f97d2afe083,Little Dragon Bag Charm,ONE SIZE,7.0,2.0,23.0,In Stock,2024-01-06 07:37:38
24bda388-db89-43bd-a7cc-b4bf2511d17d,4fcb48b4-4d93-49ad-8f65-f0b49f6bfd42,Rose Dragon Bag Charm,ONE SIZE,5.0,9.0,28.0,In Stock,2024-01-06 07:37:39
dca1fc76-a00a-4a92-8ee6-76048ed389cb,300885e6-8a9b-4644-9c81-8468eafe3756,Snow Dragon Bag Charm,ONE SIZE,5.0,9.0,28.0,In Stock,2024-01-06 07:37:41
248ca754-d741-44ff-b496-0970db097190,b5c9cea2-3311-40f0-9bd4-0eb085a2059c,Aimee Sheep,ONE SIZE,8.0,9.0,40.0,In Stock,2024-01-06 07:37:43
6b455619-8a93-4ad9-9451-94d8584c2f13,0c2e4db1-6860-4def-b9c1-8a60ee526aa7,Bashful Red Love Heart Bunny,MEDIUM,12.0,5.0,32.0,In Stock,2024-01-06 07:37:44
15b79ee9-c3f4-447f-b63c-407b863c1739,0c2e4db1-6860-4def-b9c1-8a60ee526aa7,Bashful Red Love Heart Bunny,SMALL,7.0,4.0,25.0,In Stock,2024-01-06 07:37:44
ed3bf5e4-0c51-4c94-ba5f-52e43a9915b3,2168f104-034d-41c8-9b05-576ac09c7083,Fabian Frog Prince,ONE SIZE,9.0,8.0,40.0,In Stock,2024-01-06 07:37:46
c202ea48-19ea-45b5-a531-0ec314af8b0c,73b7c52c-d978-4c9d-b11b-412ca01dd07a,Loulou Love Bug,ONE SIZE,2.0,5.0,20.0,In Stock,2024-01-06 07:37:47
ff9dc96d-03be-4abc-a0d9-b4773901be5a,eaf67a77-a8cb-4906-8b47-55e50dbc35a8,Amore Bunny,MEDIUM,10.0,7.0,40.0,In Stock,2024-01-06 07:37:49
34395c5f-9ea4-49b7-b199-21f71ae9a60e,9a8624cc-eb3d-4b2c-a07f-7793d6efdee2,Bibbly Bobbly Sheep,ONE SIZE,14.0,9.0,55.0,In Stock,2024-01-06 07:37:50
60a66e02-b246-47a8-8f81-52b9e7fc15a6,0bf15293-a86f-4d1a-9e52-9cee2182ca52,Brynlee Bee,ONE SIZE,5.0,6.0,28.0,In Stock,2024-01-06 07:37:52
4185cb0d-56ed-47da-83b1-b9821d7fa3d7,cd82cd16-ae64-43a1-8d13-f91ace7beb09,Bartholomew Bear Bathrobe,MEDIUM,10.0,5.0,45.0,In Stock,2024-01-06 07:37:54
27faea9b-c6c0-43d1-9d8b-feba57d49061,59e2d8d8-8985-4693-b3f6-1ee76731204d,Bashful Duckling,MEDIUM,12.0,5.0,28.0,In Stock,2024-01-06 07:37:56
e58445b9-43d6-49e1-b114-53033a1627a6,3721bd1a-1d5a-48ef-bc85-1e7e66da0b60,Bashful Moss Bunny,MEDIUM,12.0,5.0,28.0,In Stock,2024-01-06 07:37:58
9f18e29a-a68c-4fa2-a409-d116daa98e7e,3721bd1a-1d5a-48ef-bc85-1e7e66da0b60,Bashful Moss Bunny,SMALL,7.0,4.0,18.0,In Stock,2024-01-06 07:37:58
ff668d46-7273-4a97-9548-ce21958a0763,4a940509-32c3-4ece-8344-a47b62f8c20b,Bashful Viola Bunny,MEDIUM,12.0,5.0,28.0,In Stock,2024-01-06 07:38:00
276e2539-f344-4bda-bdcf-d4a43f0c6261,4a940509-32c3-4ece-8344-a47b62f8c20b,Bashful Viola Bunny,SMALL,7.0,4.0,18.0,In Stock,2024-01-06 07:38:00
3d4d5b22-d8dd-47be-b584-d067ba0527d7,b46b8666-d5cc-467f-baf7-ddf047daff53,Bashful Bunny with Carrot,SMALL,7.0,4.0,28.0,In Stock,2024-01-06 07:38:01
a13b4269-a9ba-452f-9fd2-85dfd7c71b6b,434924a6-e5e4-44c5-864a-9d99fba68dc8,Bashful Bunny with Daffodil,SMALL,7.0,4.0,28.0,In Stock,2024-01-06 07:38:03
db64e454-e0cc-499e-8342-dbdaab77612c,753eadc0-eb1d-4308-bf02-f2390d9fb265,Lottie Fairy Bunny Book,ONE SIZE,7.0,7.0,15.0,In Stock,2024-01-06 07:38:05
9890159d-a88e-4dbc-8deb-2c3d2cd56e55,c2d34509-95f6-484e-8879-ae2a30dd1aaf,Blossom Cherry Bunny,MEDIUM,12.0,5.0,28.0,In Stock,2024-01-06 07:38:07
7bacf3ab-29db-4ad3-9a79-b0a71a86d83b,c2d34509-95f6-484e-8879-ae2a30dd1aaf,Blossom Cherry Bunny,SMALL,7.0,4.0,18.0,In Stock,2024-01-06 07:38:07
466ebdf0-5ecc-473f-ae70-65b3a32949c5,910e92c7-c5de-4763-90bf-4336cb1653e6,Dainty Dessert Bunny Macaron,ONE SIZE,5.0,5.0,28.0,In Stock,2024-01-06 07:38:09
4a3f1cb2-9d82-40ea-8a00-b5c1862275f2,7eee9901-01e7-4574-b87a-70ae464355f3,Lottie Bunny Fairy,ONE SIZE,11.0,3.0,32.5,In Stock,2024-01-06 07:38:12
8d522848-c401-4495-8787-5e5456f2efae,f22832d0-08f2-4e2b-aa66-f042ab726d92,Messenger Bunny,ONE SIZE,7.0,5.0,32.5,In Stock,2024-01-06 07:38:14
f35c2aa1-5190-45a5-ac97-41fda1be32f5,ae82ef02-4bb2-4961-949b-171a0bd405dd,Amore Corgi,MEDIUM,10.0,7.0,40.0,In Stock,2024-01-06 07:38:16
b7280714-c1a4-448f-bb75-6da561ea4e9e,d5508c27-8573-4814-b317-9431087fb031,Bartholomew Bear Pumpkin,LARGE,14.0,8.0,50.0,In Stock,2024-01-06 07:38:18
e0cd67da-6523-48e4-bd06-9f41f509bac1,99308523-0f1d-4c80-8a3c-5cc7d9d66ac3,Bashful Pegasus,MEDIUM,12.0,5.0,28.0,In Stock,2024-01-06 07:38:21
640e9319-e1dd-413b-b997-84e360fe1ab6,84f77c2b-bd01-417f-bfd2-6d866bf59ec6,If I Were an Owl Board Book,ONE SIZE,6.0,6.0,13.5,In Stock,2024-01-06 07:38:23
5aef9f21-6ec6-4607-be5a-0d2784b5cef5,c5c36c51-8c79-4778-9073-ed1de85c93d7,Betty Corgi Bag Charm,ONE SIZE,4.0,2.0,23.0,In Stock,2024-01-06 07:38:25
6e666aee-44ba-42b0-a8c1-86d236e4be11,5f3fc477-fea4-4a52-9cb2-4e0404525169,Rory Le Courageux Petit Lion Livre (The Very Brave Lion),ONE SIZE,9.0,9.0,15.0,In Stock,2024-01-06 07:38:27
afac89cd-ea96-46bd-834f-35df5744cdab,7c5413e5-49ef-40cc-91c7-28f800f92599,Lapin Timide Et Ses Petites Aventures Livre (Little Me),ONE SIZE,8.0,8.0,15.0,In Stock,2024-01-06 07:38:29
d4c1384e-b882-42ef-805d-49c505272b5a,e12d0ee6-6b82-4610-a00c-3940578ffff9,Lapin Timide Veille Sur Tes Nuits Livre (The Magic Bunny),ONE SIZE,7.0,7.0,15.0,In Stock,2024-01-06 07:38:30
1be5651b-89cd-4234-819d-c3015bb0b86f,34e34382-26fd-4151-aeb3-c079a34d549d,Lapin Timide Veut Grandir Livre (When I Am Big),ONE SIZE,8.0,8.0,15.0,In Stock,2024-01-06 07:38:32
b782c5f1-43db-47a0-8d54-17fdca42f025,bb4a4ee7-a1a4-4747-98fa-495e2460b929,Bodacious Beak Parrot,ONE SIZE,9.0,4.0,30.0,In Stock,2024-01-06 07:38:34
b7507fd4-2040-42e0-ada2-a945bff593a8,8ee63e87-9b7a-497b-af34-acf01043f567,Bodacious Beak Toucan,ONE SIZE,9.0,4.0,30.0,In Stock,2024-01-06 07:38:35
98e4b392-bdc2-4c7c-b904-1206002d2019,f8e01b57-c135-42e4-82b9-8f7692bbe5f7,Bryno Dino,ONE SIZE,12.0,6.0,55.0,In Stock,2024-01-06 07:38:37
29cbc564-00cf-4de1-bd8f-69350d1ccebc,210b6444-b730-45ec-a561-b9271585a517,Coquette Cutie Bunny,ONE SIZE,10.0,2.0,32.5,In Stock,2024-01-06 07:38:39
b8f1ed52-d955-4756-ad6e-2915dca54ebc,683f254f-a4c1-44d5-a794-23a44cb86df6,Comfy Coat Bunny,ONE SIZE,7.0,3.0,25.0,In Stock,2024-01-06 07:38:41
b6cdec2d-9b46-47bd-b891-50cdb526ec4c,1c0ef5b1-3c54-4da2-b276-e9b2e244493a,Comfy Coat Mouse,ONE SIZE,7.0,3.0,25.0,In Stock,2024-01-06 07:38:43
9463bcd5-551d-4e97-ab5c-4af72a76ea55,e133970a-8b46-483a-8a83-a00c74b09d06,Cuddlebud Bernard Bunny,ONE SIZE,6.0,4.0,28.0,In Stock,2024-01-06 07:38:45
960c661f-930d-4a90-82dd-1b4c4d4bf2cb,914c6675-a17e-4028-a448-c095368c2c1b,Cuddlebud Darcy Dormouse,ONE SIZE,6.0,4.0,28.0,In Stock,2024-01-06 07:38:47
baa1a75f-875d-4a86-86ba-ca385e2a02fd,8ffea2a5-4659-4b0d-afe9-5eb685b9041b,Cuddlebud Morgan Mole,ONE SIZE,6.0,4.0,28.0,In Stock,2024-01-06 07:38:48
20e766d9-a7e0-407d-9c4c-3959cf8dfec4,96dbdb1b-7b49-48cd-b729-52e5ff5906de,Spooky Greta Gremlin,ONE SIZE,11.0,4.0,40.0,In Stock,2024-01-06 07:38:50
4f55a815-b83a-4c34-a9d0-7b26739a7ea8,382d2475-a2c0-42af-acb7-3dfef40599ee,Harvey Bear,ONE SIZE,11.0,25.0,150.0,In Stock,2024-01-06 07:38:52
50c9f0e8-6b00-441d-862d-f3e4df12db8d,6d656357-6e46-414a-857c-5baefcceac03,Huddles Grey Elephant,ONE SIZE,10.0,6.0,45.0,In Stock,2024-01-06 07:38:53
b61ad22d-42e7-494a-b61c-4d147a92efa0,2db9faa0-6985-478a-8ca2-685f9d58858d,Isadora Unicorn,ONE SIZE,13.0,13.0,65.0,In Stock,2024-01-06 07:38:55
462dec68-7696-416c-9dd5-b301e8f25c31,8ec9cec1-4870-4161-bfe5-64b0555d2e9e,Little Dragon,ONE SIZE,7.0,4.0,22.0,In Stock,2024-01-06 07:38:57
8bac682e-1829-4422-b769-a4411cc37482,eac98cf8-7d9a-437a-86e5-87588d635d56,Lois Lionfish,ONE SIZE,6.0,10.0,35.0,In Stock,2024-01-06 07:38:58
3d57edce-938e-407e-97e5-f4cedbf9c201,fb3c660c-2141-4e14-acb6-0ca9d5e3b2ca,Napping Nipper Westie,ONE SIZE,4.0,6.0,25.0,In Stock,2024-01-06 07:39:00
64d8dbc2-bb1a-46ba-ba5a-f49053d01331,b2d1046b-cfbc-42f9-b699-3bb4a56f291f,Otto Sausage Dog Bag Charm,ONE SIZE,4.0,2.0,23.0,In Stock,2024-01-06 07:39:01
68c0472f-5abf-46ec-8129-66ce197785a9,db810183-4276-48c4-a2f6-3b6f62f91a8b,Ricky Rain Frog Bag,ONE SIZE,7.0,7.0,40.0,In Stock,2024-01-06 07:39:03
971e8ac8-2c0c-412a-ac4a-04c10ec3dbe1,2b90e0f5-36d4-46ef-a6b6-e5c5180e3b54,Stellan Sabre Tooth Tiger,ONE SIZE,19.0,7.0,75.0,In Stock,2024-01-06 07:39:04
d79fbf73-2abd-4eed-8b65-1392e51b38b9,718eb755-0276-44d1-a17a-49cac0e21621,Sweater French Bulldog Purple,ONE SIZE,7.0,7.0,32.5,In Stock,2024-01-06 07:39:06
cfe0f81f-de28-470c-9af3-113bc7ab82cc,9d04d237-da47-4bc1-9fbc-7e724e2b89c7,Bashful Snow Tiger Soother,ONE SIZE,13.0,13.0,25.0,In Stock,2024-01-06 07:39:08
80099b1a-8637-4c35-9199-7bce3bc5b0ba,5f913623-eed2-40c6-a728-037e51db1777,Spindleshanks Spider,SMALL,3.0,14.0,27.5,In Stock,2024-01-06 07:39:10
64608ab7-3198-4876-83bb-fd584b4a7ff2,1a11df6a-813d-4c40-9ede-440360271504,Stanley Stick Insect,ONE SIZE,3.0,11.0,28.0,In Stock,2024-01-06 07:39:11
49518a94-211c-4fc7-a732-19d379be1e96,08dc2175-b5f6-4517-b8a1-ddd1f994fd7f,Timmy Turtle,ONE SIZE,11.0,8.0,40.0,In Stock,2024-01-06 07:39:13
9f20f0b2-26cc-4c7e-a959-6e856a73a717,58f320f9-d789-4738-b15b-994a5e618b9b,Viggo Mammoth,ONE SIZE,19.0,7.0,75.0,In Stock,2024-01-06 07:39:14
22a04321-2e4a-4c70-96d5-1aaeedf2bcec,48ffe42e-8dff-422f-9ccf-b48e75716c41,Maya Octopus,REALLY BIG,30.0,12.0,130.0,In Stock,2024-01-06 07:39:19
5d144daf-c492-49f5-bd61-5459dfa16baf,48ffe42e-8dff-422f-9ccf-b48e75716c41,Maya Octopus,LARGE,19.0,7.0,53.0,In Stock,2024-01-06 07:39:19
77d046a7-e87b-4f87-9799-9ac7dd809f96,48ffe42e-8dff-422f-9ccf-b48e75716c41,Maya Octopus,LITTLE,9.0,4.0,30.0,Returning to stock 3-4 weeks,2024-01-06 07:39:19
2809665c-3da3-4cd5-9325-b4672ab86dd6,48ffe42e-8dff-422f-9ccf-b48e75716c41,Maya Octopus,TINY,6.0,3.0,18.0,Returning to stock 3-4 weeks,2024-01-06 07:39:19
831a4138-46ab-41a5-a913-2afabdc299ea,3b90f16f-9ee4-4900-8f5b-c3b743ad2508,Albert Jack Russell,ONE SIZE,7.0,6.0,30.0,In Stock,2024-01-06 07:39:21
125d6ab2-2ab2-445e-bd2e-8c3f7c46a4e3,26bcd210-f688-42da-9b8b-4f2787865daa,Birdling Hummingbird,ONE SIZE,4.0,2.0,17.0,In Stock,2024-01-06 07:39:22
c5d98553-c692-40a9-9453-f12dba628e80,00ba3187-2b7b-49f1-bc5f-b974eada9035,Bartholomew Bear Bedtime,MEDIUM,10.0,5.0,30.0,In Stock,2024-01-06 07:39:24
99a670d1-63e8-4499-be10-0befd0ad85b2,c439c061-cb38-4e23-9fe9-df2fb318b476,Bashful Christmas Bunny,MEDIUM,12.0,5.0,27.5,In Stock,2024-01-06 07:39:25
c90c0372-01c2-4e1b-92d8-5dc423c334aa,262c66da-03dc-4f91-b01f-f6e89bf5197b,Bashful Luxe Bunny Luna,HUGE,20.0,8.0,85.0,In Stock,2024-01-06 07:39:27
659f2d01-c6cb-4cb0-8bc9-87b4c2f85d2e,262c66da-03dc-4f91-b01f-f6e89bf5197b,Bashful Luxe Bunny Luna,MEDIUM,12.0,5.0,35.0,In Stock,2024-01-06 07:39:27
88236cba-1b4c-4919-8f38-139043c4b789,ee929765-e68b-42ab-8626-43bc74f28a3e,Bashful Christmas Bunny Decoration,TINY,5.0,2.0,15.0,In Stock,2024-01-06 07:39:29
8b520c03-3030-4124-bd29-cdccebe2f70c,faa2f461-c91f-49c8-88c9-f7002e76eba2,Merry Mouse Book,ONE SIZE,7.0,7.0,15.0,In Stock,2024-01-06 07:39:31
5eb9cc6d-2f49-48d3-bcfa-93d10fe621e2,0ca28ac7-5fc4-4f1b-9e90-40a8b85de65b,Otto’s Snowy Christmas Book,ONE SIZE,7.0,9.0,15.0,In Stock,2024-01-06 07:39:32
823baf13-a294-4ccd-bb8d-4b591acb2da1,d46cf38c-4c0b-4fb8-aa97-474d5a151727,The Playful Polar Bears Book,ONE SIZE,8.0,8.0,15.0,In Stock,2024-01-06 07:39:34
b3992557-4fdf-4d20-ab9a-d3eb596d2c04,d9352281-f3c1-4afd-b866-17511638dc3f,Mitzi Reindeer’s Dream Book,ONE SIZE,8.0,8.0,15.0,In Stock,2024-01-06 07:39:35
94319151-b472-4ca4-9bb9-3329da0bc8e2,0c23096d-1479-4d14-8e60-3f9c13fbaa96,Festive Folly Penguin,ONE SIZE,4.0,2.0,12.5,In Stock,2024-01-06 07:39:37
f214457b-304e-4dea-b466-216cd5da275f,6f1d9e40-c385-4178-a44d-2e57e8a4336d,Sofia Reindeer,ONE SIZE,17.0,5.0,60.0,In Stock,2024-01-06 07:39:38
e5620bba-2df9-4bc1-8277-54e9bcfcefaa,9982f6c8-d77e-4487-90c8-33678407b04d,Christmas Grizzo,ONE SIZE,11.0,4.0,37.5,In Stock,2024-01-06 07:39:40
a94044ca-86cf-4166-a6e7-bd185746bdb1,45960091-0e55-4aba-b850-6b4b20eda5e2,Maurice Macaroni Penguin,ONE SIZE,8.0,5.0,32.5,In Stock,2024-01-06 07:39:42
a8f4223e-f298-4974-a219-acd21274a1d8,ca3c7895-6c30-4594-b294-19a077e9b617,Merry Mouse,ONE SIZE,7.0,4.0,27.5,In Stock,2024-01-06 07:39:43
907af360-da9f-4b49-aad7-07776cd44e82,7054f968-6577-4fbb-97c4-8ecb3afe268f,Merry Mouse Present,ONE SIZE,7.0,4.0,27.5,In Stock,2024-01-06 07:39:45
1d6be52a-b00f-468d-8f6c-f5f651677aea,565a523a-62fb-4e55-a825-45becafbd657,Merry Mouse Skiing,ONE SIZE,8.0,5.0,37.5,In Stock,2024-01-06 07:39:46
183e3028-811e-4c93-b76e-5d14352b7565,0fb507cf-5589-4d39-9a57-72a680197226,Winter Warmer Otto Sausage Dog,ONE SIZE,6.0,3.0,32.5,In Stock,2024-01-06 07:39:48
947b31e0-d27a-4789-b113-43abc53bd698,85e56a4a-62f9-4368-ad53-68589933d794,Personalised Bashful Luxe Bunny Luna Huge,HUGE,20.0,8.0,91.0,In Stock,2024-01-06 07:39:50
8445fbca-4fcd-49e7-9161-e329340c732d,63303920-3f21-4a24-8a9b-05c3ee4d4af4,Personalised Bashful Luxe Bunny Luna Medium,MEDIUM,12.0,5.0,41.0,In Stock,2024-01-06 07:39:52
61293803-35e1-403a-8c1c-10a16ee699c9,a7bcbce1-d865-470a-99ba-07bda7dc05ff,Winter Warmer Pippa Black Labrador,ONE SIZE,9.0,3.0,32.5,In Stock,2024-01-06 07:39:53
1a385628-a916-484e-aa1d-02433bc19c86,8f93a185-5d9c-45bd-bb16-b899468adf33,Santa Ricky Rain Frog,ONE SIZE,6.0,5.0,35.0,In Stock,2024-01-06 07:39:55
3aec84e3-28e5-46fb-afd6-88ba436413a7,89c14224-49af-450e-a80e-c04b24b2642a,Otto's Snowy Christmas Book & Winter Warmer Otto Sausage Dog,ONE SIZE,,,47.5,In Stock,2024-01-06 07:39:56
0fc2bc2a-d9a0-47ee-a572-357e1eb2543d,e76e90e8-20f5-41a8-85cc-9f3cd0713401,Amuseabean Bunny,ONE SIZE,4.0,4.0,20.0,In Stock,2024-01-06 07:39:58
b792cb5d-1576-4bd5-9623-3eedecb94e20,25dd03c9-9796-4347-a47c-ca23bb729828,Amuseabean Highland Cow,ONE SIZE,4.0,4.0,20.0,In Stock,2024-01-06 07:40:00
a47dcc18-bb23-4986-80ac-826799d02b03,a399e70f-fb46-4761-a4af-26973a2cea87,Amuseabean Ram,ONE SIZE,4.0,4.0,20.0,In Stock,2024-01-06 07:40:01
19dd194b-7ccf-4cfe-a825-866958d1c949,f4304deb-6c7d-4034-b6ac-893044461810,Bashful Luxe Bunny Rosa,HUGE,20.0,8.0,85.0,More on the way,2024-01-06 07:40:03
9485137e-ed9c-40bf-a706-038f55f55c87,f4304deb-6c7d-4034-b6ac-893044461810,Bashful Luxe Bunny Rosa,MEDIUM,12.0,5.0,35.0,In Stock,2024-01-06 07:40:03
e630ecf9-8268-4777-9d8a-4deb3412383a,5b094492-ca8a-468a-b0b6-2c13c1343840,Bashful Sloth,MEDIUM,11.0,5.0,28.0,In Stock,2024-01-06 07:40:05
0db609a7-3177-4735-a3d7-07c9ce52543b,b8728fad-8322-479d-b8cd-78c9d50c8785,Bashful Luxe Bunny Willow,HUGE,20.0,8.0,85.0,In Stock,2024-01-06 07:40:07
c6ca4258-1b71-451b-a4df-d81d3e4826fd,b8728fad-8322-479d-b8cd-78c9d50c8785,Bashful Luxe Bunny Willow,MEDIUM,12.0,5.0,35.0,In Stock,2024-01-06 07:40:07
fa639fef-ad85-40f9-93ec-b820e3c07d41,2216bebc-8e2e-4cbb-9c99-9517d2ca41de,Birdling Goldfinch,ONE SIZE,4.0,3.0,17.0,In Stock,2024-01-06 07:40:09
1f7179f6-a546-4c3f-a43b-6353f28ac0e5,92d63736-3354-4b63-90d5-e672fb775c10,Birdling Swallow,ONE SIZE,4.0,3.0,17.0,In Stock,2024-01-06 07:40:10
05f1bf1f-7a0a-42ae-b202-b5707681da52,8070bc18-b7fa-4f3a-baa9-fec8eb3e2105,Blowzy Belle Sheep,ONE SIZE,16.0,4.0,37.5,In Stock,2024-01-06 07:40:12
9d62cceb-da33-4716-a971-d6e186733f7a,1eb972b8-d5b5-4237-b9b8-4b690d853f7b,Fou Fou Ostrich,ONE SIZE,8.0,6.0,28.5,In Stock,2024-01-06 07:40:13
a3288eb5-7e36-48ad-91d0-53a2d64200fa,1372bf0f-ed69-46aa-a583-98df6afe34c8,Fou Fou Peacock,ONE SIZE,8.0,6.0,28.5,In Stock,2024-01-06 07:40:15
47d8c2ab-1bb0-4d2c-a4ba-789b853ec258,6cd04549-6139-4527-967c-24416b951c87,Fuzzkin Monkey,ONE SIZE,9.0,4.0,25.0,In Stock,2024-01-06 07:40:17
153285ff-41fd-467e-92fe-c759c6a6fdba,a3f3fb22-bb3b-4c52-9ae9-5ce055f94777,Ginny Goat,ONE SIZE,10.0,6.0,35.0,In Stock,2024-01-06 07:40:18
0d1ce4b3-a8af-4928-93bc-130e049d2f1e,94faa8fd-981f-41b5-aa8c-6df048d9d9e1,Gracie Grouper Fish,ONE SIZE,4.0,10.0,30.0,In Stock,2024-01-06 07:40:31
f035174c-535b-4ad3-9100-0184493a56cf,24986286-7a8e-48ea-b102-203521ab7a9d,Hector Fox Terrier,ONE SIZE,9.0,4.0,35.0,In Stock,2024-01-06 07:40:32
c427b73e-c60c-4398-84bf-62810906c7c6,5dd15bac-4ce2-4b2c-aa1b-e607f59e5c36,Jinx Monster,ONE SIZE,17.0,6.0,35.0,In Stock,2024-01-06 07:40:34
5753072a-c834-4b32-a6bb-8183124e3fef,b058a2df-32af-4dd5-a61e-152b16f8a01a,Jollipop Cat,ONE SIZE,8.0,4.0,23.5,In Stock,2024-01-06 07:40:35
fb153f6d-d011-43f3-8123-aabb6c88e736,399633a8-d34a-4efb-8a3d-8459e487e3f3,Jollipop Puppy,ONE SIZE,8.0,4.0,23.5,In Stock,2024-01-06 07:40:37
7fb6c161-cbef-453c-a9e5-4dd9b6293a8d,b22d04de-54bc-4bb7-bbf0-665f5179d6b1,Bashful Sloth with Personalised Red Jumper,MEDIUM,11.0,5.0,38.0,In Stock,2024-01-06 07:40:39
62f89189-33ba-4a12-9f22-93fea56b22f3,6bd76f98-0ce6-4168-95e3-ced912ad1a54,Lavender Dragon,HUGE,7.0,26.0,120.0,In Stock,2024-01-06 07:40:41
bf8f8a0a-257d-4142-abe9-24e2d19f48cd,6bd76f98-0ce6-4168-95e3-ced912ad1a54,Lavender Dragon,MEDIUM,5.0,20.0,65.0,In Stock,2024-01-06 07:40:41
d886d3d0-4bad-4a80-972d-deed9978c0be,6bd76f98-0ce6-4168-95e3-ced912ad1a54,Lavender Dragon,LITTLE,3.0,12.0,32.5,In Stock,2024-01-06 07:40:41
ef090161-999a-48a6-81ef-01a3644d1944,7a723930-3c44-4da4-80d6-8741dc5b3a44,Lila Ballerina Bunny,ONE SIZE,13.0,2.0,35.0,In Stock,2024-01-06 07:40:43
6aef9529-7007-4d17-8555-fbd0cf056eeb,0fb7d4e1-53f6-47e3-9a8f-8c6721f4d130,Madison Monkey,ONE SIZE,13.0,2.0,32.5,In Stock,2024-01-06 07:40:44
11270841-51c9-4a86-9878-3fe46d655023,639083d7-7cfe-4263-a8ae-db132065317f,Ollivander the Orca,ONE SIZE,9.0,25.0,70.0,In Stock,2024-01-06 07:40:46
97e0d8a7-93c9-493b-be8b-7c248ab3269b,6ede4a96-4ea3-4e4b-bb74-f144f69864ce,Oswald Orangutan,ONE SIZE,13.0,12.0,65.0,In Stock,2024-01-06 07:40:47
10e61a58-d5fa-4b12-8cf4-8c1ba82c937c,486693f0-f871-4e9a-adc8-34996b0f27ae,Personalised Bashful Luxe Bunny Willow Huge,HUGE,20.0,8.0,91.0,In Stock,2024-01-06 07:40:49
f6bc4f03-f0a7-45b4-bb6f-d33f5c839c66,0a6db866-4fab-4eba-917d-183c01cfafdc,Personalised Bashful Luxe Bunny Rosa Medium,MEDIUM,12.0,5.0,41.0,In Stock,2024-01-06 07:40:51
a25a1715-4eeb-482d-b90d-25e6e26f7fe9,8aad98bd-e1ee-4c97-8eb9-6dc41b6c031f,Personalised Bashful Luxe Bunny Willow Medium,MEDIUM,12.0,5.0,41.0,In Stock,2024-01-06 07:40:52
8dbd16c8-3257-4cf2-a91f-23bead0df973,382f457c-412f-4f87-9675-53f2a41ff631,Personalised Lavender Dragon Huge,HUGE,7.0,26.0,126.0,In Stock,2024-01-06 07:40:54
2aad1836-1db0-4a4a-af44-be4cee0d3d31,be9685ca-9133-4d9c-9b5d-b84f1fa34b06,Pippa Black Labrador,ONE SIZE,9.0,4.0,33.0,In Stock,2024-01-06 07:40:56
358ce72f-03a8-414f-bd08-fba3ee136e35,ff38b068-4f71-4bcc-9d19-0e84729b4026,Quaxy Elephant,ONE SIZE,10.0,6.0,35.0,In Stock,2024-01-06 07:40:57
f603569c-d59c-48c8-b102-10236fc38cd3,3c6b89f1-b008-43df-a3f2-451885559fa5,Quaxy Pig,ONE SIZE,10.0,6.0,35.0,In Stock,2024-01-06 07:40:59
5df4052f-5fa8-445f-b5b9-fded71f77af5,c3fe129f-5ef9-4e07-be86-947f22eea330,Ramonda Ostrich,ONE SIZE,22.0,6.0,40.0,In Stock,2024-01-06 07:41:00
af5c1396-3267-403e-9ed3-0495c6da9199,713b83f0-3792-441f-86df-20e453ab505e,Rock-a-Bye Kitten,ONE SIZE,7.0,4.0,30.0,In Stock,2024-01-06 07:41:02
31329615-9bdd-4712-9b51-4837cec12b5d,e15bcf89-ee2a-42d5-865c-f699f684ad73,Sweetsicle Bunny,ONE SIZE,6.0,3.0,20.0,In Stock,2024-01-06 07:41:03
7dc93478-1452-4324-8b6a-01da6a07b1da,41041e74-55f4-49c1-9d5e-d78f1e655a37,Syd Salamander,ONE SIZE,10.0,4.0,27.5,In Stock,2024-01-06 07:41:05
a9395229-c832-4c29-beed-a99ad986a1ea,9001d562-27ba-49db-b8e5-7363c7e19d41,Bashful Hot Pink Bunny,MEDIUM,12.0,5.0,28.0,In Stock,2024-01-06 07:41:07
593aa8e5-adf7-4a39-a988-303865ec2630,9001d562-27ba-49db-b8e5-7363c7e19d41,Bashful Hot Pink Bunny,SMALL,7.0,4.0,18.0,In Stock,2024-01-06 07:41:07
390f0933-dae7-45e0-8993-8b99602ca6c8,0f6baf12-bd53-4811-bede-899ffa359f78,Bashful Sunshine Bunny,MEDIUM,12.0,5.0,28.0,In Stock,2024-01-06 07:41:09
66524909-deed-41eb-af5c-cae827fb1b70,0f6baf12-bd53-4811-bede-899ffa359f78,Bashful Sunshine Bunny,SMALL,7.0,4.0,18.0,In Stock,2024-01-06 07:41:09
76a8a8a1-b4fd-4532-8432-57ab890d5b4a,4b7d2e49-0168-4dfb-9ce9-29b8e59d02d1,Goodnight Bunny Book,ONE SIZE,7.0,7.0,15.0,In Stock,2024-01-06 07:41:11
afa2f5b2-d683-4d62-b491-0bc4cad0f9fa,456124c4-ac6b-4326-b48e-15515fdc5d75,Bluebell Butterfly,ONE SIZE,8.0,13.0,33.0,In Stock,2024-01-06 07:41:12
9370882b-68df-4519-873f-f74af74c6a18,e1157995-1524-4ce9-81ad-b941e7339754,Bonnie Bunny with Egg,ONE SIZE,6.0,3.0,23.5,In Stock,2024-01-06 07:41:14
e5c527ce-6f08-40c2-b56f-0ace27f2fe60,6abc1833-bc68-446c-bd40-9f1e4a2af383,Burly Boo Sheep,ONE SIZE,7.0,5.0,25.0,In Stock,2024-01-06 07:41:15
c4f95d0b-38c0-4ae3-b4b6-26127b03ea9c,c707a135-6045-4c9a-a701-edb35c0dafff,Cluny Cockerel,ONE SIZE,9.0,5.0,35.0,In Stock,2024-01-06 07:41:17
08c54c93-e3fc-4c29-84b8-e9b356651df1,3bfc7323-4c96-49ac-a139-f05ee0d28f84,Escarfgot Purple,ONE SIZE,6.0,3.0,20.0,In Stock,2024-01-06 07:41:18
1f452490-0957-4e9f-9f19-f5da9dbcd3e5,1c433861-b8c7-44ad-a5df-28c58f96512e,Escarfgot Pink,ONE SIZE,5.0,2.0,20.0,In Stock,2024-01-06 07:41:20
aab74fc6-284a-4a74-8032-6ff96a8e2389,048c0ab6-7040-492d-bc9d-a35942104e02,Bashful Hot Pink Bunny with Personalised Cream Jumper,MEDIUM,12.0,5.0,38.0,In Stock,2024-01-06 07:41:22
b3cd8abd-36dc-481e-9399-09ea135105d8,482be995-09ec-4f04-bf28-fe737e4bb54f,Bashful Sunshine Bunny with Personalised Cream Jumper,MEDIUM,12.0,5.0,38.0,In Stock,2024-01-06 07:41:23
4f2b6cae-81f5-489b-ba0e-d33ada8f5ce0,bf515dc8-ef38-4110-9572-82caba6e955b,Bashful Hot Pink Bunny with Personalised Navy Jumper,MEDIUM,12.0,5.0,38.0,In Stock,2024-01-06 07:41:25
38b52fda-e17f-49bc-a167-cbccd42e8614,cafe895f-a544-4872-8074-ac0f9292a3c3,Bashful Sunshine Bunny with Personalised Navy Jumper,MEDIUM,12.0,5.0,38.0,In Stock,2024-01-06 07:41:27
5a6c5842-c579-4ce3-9e70-a1da7963a62e,b773aa8c-6091-4805-827e-d255c7fb4a0b,Bashful Sunshine Bunny with Personalised Red Jumper,MEDIUM,12.0,5.0,38.0,In Stock,2024-01-06 07:41:29
2edc142e-ef93-431a-8088-bd2162ef30aa,b143372b-dfa0-4613-9d72-6d31b3d82e9f,Layla Ladybird,ONE SIZE,3.0,6.0,25.0,In Stock,2024-01-06 07:41:30
c2d9bf2f-042e-4886-9ffc-573c4001c4b8,836cb6ca-18f7-4b13-99ff-8abab458ea87,Nesting Bunnies,ONE SIZE,4.0,6.0,35.0,In Stock,2024-01-06 07:41:32
698b196f-49c2-4f1d-9325-9e7a2df5dfd5,8514a788-0f03-4530-a08f-e44e4abf9e3f,Personalised Bashful Hot Pink Bunny Medium,MEDIUM,12.0,5.0,34.0,In Stock,2024-01-06 07:41:33
5314695d-288a-4b22-a517-1ab80aae854e,16901bc0-5eb5-4329-93d4-61d58a8d52e6,Personalised Bashful Sunshine Bunny Medium,MEDIUM,12.0,5.0,34.0,In Stock,2024-01-06 07:41:35
73c8935d-7e94-47f4-b260-f63b372fd518,6e887911-9a27-45b6-903b-4892b6d8e092,Blossom Heart Blush Bunny,ONE SIZE,6.0,3.0,17.5,In Stock,2024-01-06 07:41:37
251ea7cf-12b4-459a-bdfb-246efe78aa57,638595e3-a934-4c75-8e8e-5e9351cdd673,Blossom Heart Tulip Bunny,ONE SIZE,6.0,3.0,17.5,In Stock,2024-01-06 07:41:38
1d819096-b9d3-4011-9b9b-d1c772394ae1,73c2c2f3-4158-4b10-bb78-6035d42fd531,Crowning Croaker Green Frog,ONE SIZE,5.0,3.0,17.5,In Stock,2024-01-06 07:41:40
2c5b6b4c-c134-44c1-92f5-3002a1030a7b,309dd404-30b0-4d63-9c10-e0dcafda272d,Love-Me Lobster,ONE SIZE,6.0,3.0,24.0,In Stock,2024-01-06 07:41:42
6a0d6f5a-1508-4382-b2ff-c9b095777cdc,a77bcffd-2272-4271-9757-73efa009ed5d,Ambrosie Fox,ONE SIZE,9.0,5.0,35.0,In Stock,2024-01-06 07:41:43
4f1a068b-a975-4ff7-8e6d-ca0342f1b92d,128a7d75-51a6-489a-8271-a27fd4d8ab06,Ambrosie Hare,ONE SIZE,9.0,4.0,35.0,In Stock,2024-01-06 07:41:44
70955a58-9583-49d0-98f0-28bafc760a64,bb60f59b-92ba-4c48-b86e-905dfeabf065,Anoraknid Black Spider,ONE SIZE,5.0,4.0,20.0,In Stock,2024-01-06 07:41:46
27dd3102-b629-45ac-ae71-8d5f88d5b7f6,ea113076-799d-4f52-91c9-a01d3467c1a6,Andie Axolotl,MEDIUM,11.0,5.0,32.5,In Stock,2024-01-06 07:41:48
0c346aae-5346-49e8-9e81-4ff208c577cf,ea113076-799d-4f52-91c9-a01d3467c1a6,Andie Axolotl,SMALL,7.0,2.0,22.0,Out of stock,2024-01-06 07:41:48
f227cc4a-5bb1-454c-b3c9-f96a3c202920,83c0b3b9-6b30-47a5-b2c6-b7ca7cec7611,Bashful Golden Bunny,MEDIUM,12.0,5.0,28.0,In Stock,2024-01-06 07:41:51
2766e223-fba7-4e89-8ab7-f9f5d671dc6f,83c0b3b9-6b30-47a5-b2c6-b7ca7cec7611,Bashful Golden Bunny,SMALL,7.0,4.0,18.0,In Stock,2024-01-06 07:41:51
59e65451-cc5c-448e-8f5f-e6bbfb53a533,a2fbe7ae-2882-49bf-9b93-bdf0ea2007ff,Bashful Mineral Blue Bunny,MEDIUM,12.0,5.0,28.0,In Stock,2024-01-06 07:41:54
4d18974d-53a2-4b40-98b2-ba87934570f1,a2fbe7ae-2882-49bf-9b93-bdf0ea2007ff,Bashful Mineral Blue Bunny,SMALL,7.0,4.0,18.0,Out of stock,2024-01-06 07:41:54
21c206c9-59cd-4c67-b92e-26aaa4463e65,28ac59b4-86dc-4421-af7f-d2c2beb10ba6,Bashful Wolf,MEDIUM,12.0,5.0,28.0,In Stock,2024-01-06 07:41:55
e5fdceb5-20b1-4b91-a4ea-a2d47dd4753e,8155da60-a5c8-419b-bcc5-6d85e0dea2a0,Wrapabat Black,ONE SIZE,6.0,2.0,20.0,In Stock,2024-01-06 07:41:57
28b35ff6-b091-43da-943c-c180fa08f632,d07ee782-e659-4634-9c1a-86f657195cc7,Beatnik Buddy Poodle,ONE SIZE,11.0,3.0,28.0,In Stock,2024-01-06 07:41:59
c1713c5b-f3b0-4142-a74c-0eb26ab5b6c3,31290e4a-39c5-4b91-ba59-597afc4f10cf,Beatnik Buddy Sausage Dog,ONE SIZE,11.0,3.0,28.0,In Stock,2024-01-06 07:42:00
ba30fbae-f587-4bae-a62f-73b3ed376ee3,0e11b80c-af78-4a5d-8f2e-775cc099a989,Daddy Loves Me Book,ONE SIZE,6.0,6.0,20.0,In Stock,2024-01-06 07:42:02
a4737985-bd6b-4d6a-9fc8-053fb388de65,ea1a48b2-f803-432c-8951-2694c00e25aa,Mummy Loves Me Book,ONE SIZE,6.0,6.0,20.0,In Stock,2024-01-06 07:42:03
6ad1c511-4d3d-4379-a6ee-29fdab8ae869,45abf07d-0cad-40be-8c79-bad93ddeba63,Backpack Wolf,ONE SIZE,9.0,4.0,30.0,In Stock,2024-01-06 07:42:05
1e344ce8-9418-401a-8d75-d18ce9415ecc,eb614759-38f0-4a54-aba8-02d2e510ca51,Big Spottie Unicorn,ONE SIZE,17.0,6.0,75.0,In Stock,2024-01-06 07:42:06
491605a7-ad99-4b0e-8b10-755076282109,cedc155f-9ad4-460d-ae99-325e587b17ad,Cozy Crew Seahorse,ONE SIZE,7.0,2.0,25.0,In Stock,2024-01-06 07:42:08
6d6e3db6-280a-41cc-b4d6-3ab70fc99869,b72ce075-6327-4e28-bb73-55e308cf5dd1,Davey Dilophosaurus,ONE SIZE,11.0,5.0,32.5,In Stock,2024-01-06 07:42:10
ba41a86f-006c-4267-874a-480825cd663f,2a406948-d517-479a-9bd3-ee8e8901bee9,Delano Dorado Fish,ONE SIZE,5.0,10.0,27.5,In Stock,2024-01-06 07:42:11
a9c96a6e-8101-4660-947c-5b987b88320b,21a88751-c0e5-446c-8815-bfc8b4413dd0,Evelyn Swan,ONE SIZE,19.0,6.0,40.0,In Stock,2024-01-06 07:42:13
198ef4cf-5689-44ac-9d85-eba0e4d4f48d,ad66930d-35e7-4a40-b8ba-f70b9b688260,Fishiful Blue,ONE SIZE,5.0,6.0,17.5,In Stock,2024-01-06 07:42:14
ec86b66b-0b04-46b9-9a55-a7ae45810164,206ae731-5848-4daa-87f2-4d3d09ec7e45,Fishiful Orange,ONE SIZE,5.0,6.0,17.5,In Stock,2024-01-06 07:42:16
fc0f8880-53ab-482f-bd2c-a7efe7f349ae,c1b84cba-4261-4e80-b156-bac8833b881f,Fishiful Pink,ONE SIZE,5.0,6.0,17.5,In Stock,2024-01-06 07:42:17
cf76519f-ff8c-4d6f-8d33-3d9e355811fd,a9dd22f4-7826-425f-8f31-bdce0f0a7c3c,Forest Fauna Bear,ONE SIZE,7.0,6.0,32.5,In Stock,2024-01-06 07:42:19
ad773628-6021-4fc0-97b5-ce7b4742220d,ead07c1e-b9ea-4abb-bade-c42cac4d55fc,Forest Fauna Frog,ONE SIZE,8.0,4.0,32.5,In Stock,2024-01-06 07:42:21
e6fdb507-ef85-4a8b-99e0-8aadcf8a0d78,1f2b25fc-2a05-4a71-8d55-40e53caeb579,Forest Fauna Owl,ONE SIZE,7.0,4.0,32.5,In Stock,2024-01-06 07:42:22
7f9959b3-56c2-4234-8778-80794082c243,200648b0-ff64-46ad-8045-c216a64ea218,Freddie Sausage Dog,LARGE,7.0,7.0,30.0,Out of stock,2024-01-06 07:42:24
513ae327-90e9-4ae9-985e-5e5d5a7e25e6,200648b0-ff64-46ad-8045-c216a64ea218,Freddie Sausage Dog,SMALL,5.0,7.0,22.0,In Stock,2024-01-06 07:42:24
71e9f784-c776-47a7-ae88-9f9c0c820d98,031c4535-5d1d-4aed-aceb-99ab9522d645,Glamorama Cat,ONE SIZE,16.0,4.0,40.0,In Stock,2024-01-06 07:42:26
ea8a658f-d469-4728-ab77-8915dd31d4f7,3b6b014f-d923-425f-ad8f-8ef8d561f899,Glamorama Pig,ONE SIZE,11.0,6.0,40.0,In Stock,2024-01-06 07:42:27
953048aa-0b30-4312-81c9-b7edbe790baf,dc13d271-f007-42b7-a04a-35aad0ccec00,Grizzo Gremlin,ONE SIZE,11.0,4.0,35.0,In Stock,2024-01-06 07:42:29
379802aa-af44-46e3-811b-cfddfb02d18d,5bbc27c6-8337-4029-bd52-6f69dd935d1d,Hamish Hedgehog,ONE SIZE,8.0,16.0,75.0,In Stock,2024-01-06 07:42:31
a10757c5-2c8c-4ccb-bf8e-09628ee4b3fb,7309ed0e-8ac8-4bf1-a0ee-752519222088,Humphrey the Humpback Whale,ONE SIZE,8.0,20.0,85.0,In Stock,2024-01-06 07:42:32
474da01f-52f8-4b84-8e3f-07c57750baea,3ff5fa7b-e320-47b1-9a0b-074bd7122960,Bashful Golden Bunny with Personalised Cream Jumper,MEDIUM,12.0,5.0,38.0,In Stock,2024-01-06 07:42:34
c2e8184e-686f-48a4-b6d5-3a7b42947580,29a67cc8-4915-401f-b76b-0e2aae7c0fb8,Bashful Mineral Blue Bunny with Personalised Cream Jumper,MEDIUM,12.0,5.0,38.0,In Stock,2024-01-06 07:42:36
126bbad4-3e56-4f19-afa0-20b2cd67a2c0,82100a42-c152-4d16-9605-4ef9a5acdd61,Bashful Golden Bunny with Personalised Navy Jumper,MEDIUM,12.0,5.0,38.0,In Stock,2024-01-06 07:42:38
0b1a07fd-54a0-4c3d-8f5d-90e5b4229056,337812d8-9e1b-48c3-8ecf-d10c4a1685fc,Bashful Mineral Blue Bunny with Personalised Navy Jumper,MEDIUM,12.0,5.0,38.0,In Stock,2024-01-06 07:42:40
c1e76df5-5271-43be-a117-84d5a1c19093,d92789f3-01ed-4b3a-a875-245f451a9d63,Bashful Golden Bunny with Personalised Red Jumper,MEDIUM,12.0,5.0,38.0,In Stock,2024-01-06 07:42:41
d97a8c88-8fb5-4d58-a839-cd1ec8e21802,fe57a925-20ac-4428-b441-73db7e259d13,Bashful Mineral Blue Bunny with Personalised Red Jumper,MEDIUM,12.0,5.0,38.0,In Stock,2024-01-06 07:42:43
f337b261-98b4-4e82-8379-c36cfd8814ad,a49a3576-9be5-405d-8a7c-c98bf2260fa4,Bashful Wolf with Personalised Red Jumper,MEDIUM,12.0,5.0,38.0,In Stock,2024-01-06 07:42:45
d40f0783-c9a7-4e40-9509-b6603aa11eb4,246bac0c-cdbc-48b9-847f-220b1fca6fda,Little Tiger,ONE SIZE,7.0,4.0,22.0,In Stock,2024-01-06 07:42:47
9a921f4f-71b0-44f3-82a5-7f79ddef1f22,9692f2ca-7734-4d4d-9ce3-5a82f1264d0e,Letty Jellyfish,ONE SIZE,23.0,6.0,39.5,In Stock,2024-01-06 07:42:48
967dae77-0740-4bf5-a955-ed35635c2b12,1b3dbee2-1f56-44bb-963d-26e373c0e9f9,Napping Nipper Dog,ONE SIZE,4.0,6.0,25.0,In Stock,2024-01-06 07:42:50
bb880af6-e6c6-48a7-a270-d46c2dd4be1f,a789430a-601b-4b92-b6c5-69f7f7a211c8,Nippit Beaver,ONE SIZE,5.0,3.0,15.0,In Stock,2024-01-06 07:42:52
50c15143-b86b-4fe7-bf62-f492f9cbbade,cce3481a-0b15-46a3-ae65-e3d8cd7c2ea5,Nippit Owl,ONE SIZE,5.0,3.0,15.0,In Stock,2024-01-06 07:42:53
4e51a717-4a2d-48d8-8622-1aae32a2efb3,cd1d9aff-52e2-453b-868a-d56484ca0905,Oakley Owl,ONE SIZE,9.0,5.0,32.5,In Stock,2024-01-06 07:42:55
3ed7ca3f-e5c9-4a0a-a3db-b02bcfdf8a2d,fba874da-3f2f-4edd-8e79-971102e58f4d,Oberon Owl,ONE SIZE,10.0,5.0,30.0,In Stock,2024-01-06 07:42:56
ba8e8f2e-97a9-4daf-8f0b-62e7965c6dbb,abcc5444-d09d-45b8-8fea-4c56ef4b1ba3,Pongo Orangutan,HUGE,23.0,7.0,65.0,In Stock,2024-01-06 07:42:58
7d36f691-8787-4acf-bb99-57ea7b110412,b43afef6-1db3-4bdd-afdb-0e45a7a7675b,Personalised Bashful Golden Bunny Medium,MEDIUM,12.0,5.0,34.0,In Stock,2024-01-06 07:42:59
43b34114-7947-43c9-beb7-977af50c4e50,8dcee507-35a3-4f9c-886c-cdc98454e44f,Personalised Bashful Mineral Blue Bunny Medium,MEDIUM,12.0,5.0,34.0,In Stock,2024-01-06 07:43:01
2fe334ca-279a-42d8-9019-c6beb8f89e19,4773b1e8-7fec-42f5-b794-837fbf14fc4c,Pip Monster,SMALL,9.0,4.0,22.5,In Stock,2024-01-06 07:43:03
a03f5049-873e-4862-b16b-1ba6a44c4bfd,436c5f75-a7d0-4d83-ae8a-e797cdc7e9dd,Rock-a-Bye Mouse,ONE SIZE,7.0,4.0,30.0,In Stock,2024-01-06 07:43:05
a98d87e3-2a74-454c-867d-96695fa32e1d,67904ac2-4bb5-4baa-a9f3-11426559def8,Sweater Sausage Dog Pink,ONE SIZE,6.0,3.0,32.5,In Stock,2024-01-06 07:43:06
c3f9dd9b-2843-4c92-90fe-676d5962a1e8,3cc5f093-62ee-4e33-ba0d-7883475febc6,Sweater Sausage Dog Yellow,ONE SIZE,6.0,3.0,32.5,In Stock,2024-01-06 07:43:08
35d0887b-5f86-4f51-8e2e-7521aaf3cb73,a844110c-3741-4259-95fd-a8e9f59202ad,Seraphina Pegasus,ONE SIZE,9.0,20.0,68.5,In Stock,2024-01-06 07:43:09
98002d55-8f1d-44dd-bc15-72a9b1701c78,12f7ffb4-4ffd-487d-ac54-485143445b63,Sigmund Seal,ONE SIZE,7.0,13.0,50.0,In Stock,2024-01-06 07:43:11
27c9fc3a-0ebb-4134-953a-d78a12c3a56f,a96331ea-cef0-461f-98f2-d4a1a38c50d7,Snoozling Hedgehog,ONE SIZE,11.0,6.0,36.0,In Stock,2024-01-06 07:43:13
e969b26d-d98c-4435-8e8f-ab008fb4b662,22f802e0-e863-460b-918b-54832a47b2b0,Spindleshanks Crab,ONE SIZE,3.0,15.0,33.0,In Stock,2024-01-06 07:43:14
8b0651be-3f86-4c74-ba3a-8c7c5ee4c139,729b71db-4600-4311-86da-a15b9cbf616f,Splootie Elephant,ONE SIZE,7.0,22.0,68.0,In Stock,2024-01-06 07:43:16
f05b9c5a-28a6-4712-ab48-9a8764ffcd58,56c18a8a-ee46-4f44-97a6-494d3385a6be,Wee Owl,ONE SIZE,5.0,3.0,17.5,In Stock,2024-01-06 07:43:17
98e434f7-30a2-4da9-82a2-07b287c4095a,ce01f09b-5bbe-4a52-87b5-fc0e727ff292,Birdling Robin,ONE SIZE,4.0,3.0,17.0,In Stock,2024-01-06 07:43:19
43ecbbb7-ffaa-453d-a437-89312bcc10df,ede4e9c4-5f43-4397-938b-ee2dcd27c60b,Shimmer Stocking Bunny,ONE SIZE,8.0,4.0,28.5,In Stock,2024-01-06 07:43:21
6f92fd08-ab2a-412b-a9bb-f404c5021ea6,97ba0cb8-3e7b-4af7-8175-3e96e1db21ab,Ambalie Bear,ONE SIZE,9.0,6.0,30.0,In Stock,2024-01-06 07:43:22
c581bde1-5772-4eb4-b212-c6a0ffcafca7,a7c76fbd-6f29-43c1-b3fe-bbb27c733b7f,Ambalie Bunny,ONE SIZE,9.0,6.0,30.0,In Stock,2024-01-06 07:43:24
b32856bb-01ee-4c61-87a9-752ff173b038,fd01d9c7-f348-4ad8-af0f-9839a1b112a5,Bashful Zebra,MEDIUM,12.0,5.0,28.0,In Stock,2024-01-06 07:43:25
620d8173-9c13-44eb-93c7-fd465bedf1e5,d19f6693-b3ec-473a-9bc1-4df09ed66f16,If I Were An Owl Book,ONE SIZE,6.0,6.0,13.5,In Stock,2024-01-06 07:43:27
f50586eb-aa18-481b-885f-f46bd83a15ca,7853d960-7917-4d81-b103-da1f0ea1f3b0,Betty Corgi,HUGE,13.0,13.0,75.0,More on the way,2024-01-06 07:43:28
37688563-5d9c-493e-a82a-8eb6b2c724d8,7853d960-7917-4d81-b103-da1f0ea1f3b0,Betty Corgi,MEDIUM,7.0,10.0,30.0,In Stock,2024-01-06 07:43:28
39ad0ad7-d803-474e-85d1-3f0862444c08,843912a0-a9da-48c0-8a3e-46061327c9b4,Big Spottie Giraffe,ONE SIZE,19.0,6.0,75.0,In Stock,2024-01-06 07:43:30
b18ff47f-ba37-4aea-98ef-a76ccf2fbfcb,956d317f-9c04-4647-9ad8-ba28fccbfd45,Big Spottie T-Rex,ONE SIZE,18.0,6.0,75.0,In Stock,2024-01-06 07:43:31
f1686ee4-f939-4672-bb32-b2c06c526613,79131b23-2f1e-4070-aa44-ce1941f495f4,Cruz Crested Newt,ONE SIZE,12.0,4.0,32.5,In Stock,2024-01-06 07:43:33
5c563eef-828a-4aa4-84d0-1460d6a52098,79c30b5b-6e9e-42dd-a175-06947b167e1d,Cooper Doodle Dog,ONE SIZE,9.0,8.0,33.0,In Stock,2024-01-06 07:43:35
2b3a1b81-5a11-4838-be30-43ef24035a40,f6c9e3b0-09aa-46a8-ae75-7c052cb9abb3,Happihoop Owl,ONE SIZE,8.0,4.0,32.0,In Stock,2024-01-06 07:43:36
38cd5482-b1c3-47fb-aff1-03f75663a2ea,7a945f72-1a8f-45e8-bf88-161a4c641aa1,Harper Pup,ONE SIZE,15.0,9.0,55.0,In Stock,2024-01-06 07:43:38
25ec5fa1-f852-47ff-bb11-fd4e1ed3619c,423707b2-22e7-4546-bc66-3fd839991531,Hibernating Bunny,ONE SIZE,5.0,5.0,22.0,In Stock,2024-01-06 07:43:39
63951204-1353-4cb5-bbb4-194be0635899,32f8d7cb-9873-4b9a-bf74-3fcafa21909a,Higgledy Piggledy Old Spot,REALLY BIG,17.0,22.0,175.0,In Stock,2024-01-06 07:43:41
e75352cc-6aea-44e8-a705-648593609b5d,32f8d7cb-9873-4b9a-bf74-3fcafa21909a,Higgledy Piggledy Old Spot,HUGE,13.0,16.0,130.0,In Stock,2024-01-06 07:43:41
47b8c7ea-911f-44d9-919a-27065b11618e,32f8d7cb-9873-4b9a-bf74-3fcafa21909a,Higgledy Piggledy Old Spot,SMALL,4.0,6.0,22.0,Returning to stock next week,2024-01-06 07:43:41
7a52bab2-8c09-4f35-97f4-417dac19ed70,5710c715-49d8-4b64-b29a-b03f1aca5079,Huddles Bunny,ONE SIZE,9.0,6.0,45.0,In Stock,2024-01-06 07:43:43
4864762e-b088-495f-a2c9-26020ea94223,7e6f4fb3-d7c2-4aa6-b4fa-df693cadfbe5,Huddles Duck,ONE SIZE,9.0,6.0,45.0,In Stock,2024-01-06 07:43:45
d727b8bd-fb49-4c3e-b90c-bf95a8c6a405,f68f3260-8e1d-4eb9-807d-7e792db66200,Jubjub Gookie,ONE SIZE,9.0,4.0,30.0,In Stock,2024-01-06 07:43:46
e780d5e8-fa81-412d-8caa-75b9d3f684ef,85b21cb3-17e2-42c8-83b4-ecb295c9430d,Mack Mudskipper,ONE SIZE,10.0,4.0,28.5,In Stock,2024-01-06 07:43:48
49e73c73-78cc-4756-a20c-5f87187eabfe,bbb5a438-b642-4d46-9e54-7de15f1dab61,Obbie Octopus,ONE SIZE,11.0,10.0,40.0,In Stock,2024-01-06 07:43:50
111af3cc-aef9-4def-8300-476c96018b95,44ee6397-dffa-493d-9139-35de93d82171,Orson Horse,ONE SIZE,14.0,5.0,35.0,In Stock,2024-01-06 07:43:51
15eea1fe-5b34-4535-820c-57b0fcc9048a,b8120b20-addd-4cad-a44d-418c3c2cbe2c,Peek-a-Boo Elly Activity Toy,ONE SIZE,6.0,5.0,32.0,In Stock,2024-01-06 07:43:53
7f259cda-0910-481a-8926-9589b8fa5490,7acdd345-1448-4173-83c3-3617290a4cb0,Penny Praying Mantis,ONE SIZE,9.0,8.0,32.5,In Stock,2024-01-06 07:43:54
fe1a4e3e-4d57-4c8b-983b-7af7adc6fd1c,cf8ee5b8-89e0-47bd-98f4-3981a9843996,Ribble Dog,ONE SIZE,14.0,4.0,30.0,In Stock,2024-01-06 07:43:56
481878e1-8fab-47f5-9c65-771e971d8a2c,fdf46d5c-73f8-4bc7-a86a-0fffd174115f,Ribble Elephant,ONE SIZE,15.0,4.0,30.0,In Stock,2024-01-06 07:43:58
5ca5ed94-fd18-4ce8-b58e-71523f2dabae,f32ff593-caf0-4b1e-b2ac-f88593f3a96c,Ribble Giraffe,ONE SIZE,16.0,4.0,30.0,In Stock,2024-01-06 07:44:00
81019837-c062-4abc-bc55-8a80524d03b8,f5b466d4-40bf-4471-8f5e-62279360e62f,Rose Dragon,HUGE,7.0,26.0,120.0,In Stock,2024-01-06 07:44:03
32f480fa-d9b1-46ee-a412-a3d35866c846,f5b466d4-40bf-4471-8f5e-62279360e62f,Rose Dragon,MEDIUM,5.0,20.0,65.0,In Stock,2024-01-06 07:44:03
9618673d-9c15-45e4-963f-8c14adceb554,f5b466d4-40bf-4471-8f5e-62279360e62f,Rose Dragon,LITTLE,3.0,12.0,32.5,In Stock,2024-01-06 07:44:03
46a554ff-5872-493e-8762-d5de91252f2a,36da60ee-75ed-40f9-b4cd-efed5cd87c3b,Ricky Rain Frog,LARGE,10.0,12.0,60.0,In Stock,2024-01-06 07:44:06
3502c88d-d4cf-4db8-bfe7-ede6080ee754,36da60ee-75ed-40f9-b4cd-efed5cd87c3b,Ricky Rain Frog,MEDIUM,5.0,7.0,28.0,More on the way,2024-01-06 07:44:06
07e3f63f-a043-4728-9a23-4d430a6c2352,b01e74ed-2118-474f-97af-3f3e1fc4055a,Rufus Bear,LARGE,15.0,5.0,45.0,In Stock,2024-01-06 07:44:42
74ea9499-6e1e-4558-9055-c8f90f1725dc,b01e74ed-2118-474f-97af-3f3e1fc4055a,Rufus Bear,MEDIUM,11.0,4.0,27.5,In Stock,2024-01-06 07:44:42
19bcc90e-a6ba-481e-ac84-e1b7b4b6d8f2,b2c69205-5266-4fc1-a97c-1f359c48860a,Snuggler Puppy,ONE SIZE,9.0,5.0,25.0,In Stock,2024-01-06 07:44:43
618b35c9-dde5-4159-9b41-2008bac7bb11,9d4e9dd7-97fd-499c-9506-50af5c7ab553,Taylor Tiger,LARGE,6.0,18.0,80.0,More on the way,2024-01-06 07:44:45
28956fe1-3fc3-4293-ba55-ac509ad4722a,9d4e9dd7-97fd-499c-9506-50af5c7ab553,Taylor Tiger,LITTLE,3.0,11.0,35.0,In Stock,2024-01-06 07:44:45
1fd2ee7b-0999-46e5-8bf3-0f039341bf93,43ced749-362a-4742-b081-46917d414efb,Willow Hedgehog,ONE SIZE,7.0,4.0,23.5,In Stock,2024-01-06 07:44:47
af587967-0f73-48ae-9ae5-f6fce37bf1c3,bfef4c0d-3d61-42b2-8482-aa13103aa167,Wriggidig Ant,ONE SIZE,5.0,6.0,23.5,In Stock,2024-01-06 07:44:48
bdddf043-9363-4253-aafe-14fe02fdebfc,a37ae327-06c6-42cd-bbef-19e26b468b16,Wriggidig Bug,ONE SIZE,7.0,2.0,23.5,In Stock,2024-01-06 07:44:50
5b948b3c-fa68-49d8-83b7-a5a87d691319,899a1878-e771-4cca-9ddc-28cdc9ee09a9,Bashful Lilac Bunny,MEDIUM,12.0,5.0,28.0,In Stock,2024-01-06 07:44:52
bfa1487f-f30a-46d7-9913-9dd5ff99b8c4,899a1878-e771-4cca-9ddc-28cdc9ee09a9,Bashful Lilac Bunny,SMALL,7.0,4.0,18.0,Out of stock,2024-01-06 07:44:52
75fa1c3f-b14e-4663-9b1c-a6090d8ca859,ebdf92c6-5475-4407-b944-f42da3d40404,Bashful Petal Bunny,MEDIUM,12.0,5.0,28.0,In Stock,2024-01-06 07:44:55
abe6be8e-e4f4-464c-bb55-ead28826526c,ebdf92c6-5475-4407-b944-f42da3d40404,Bashful Petal Bunny,SMALL,7.0,4.0,18.0,More on the way,2024-01-06 07:44:55
4a866022-b987-4ef3-8d49-8ef2254cb7b4,c1a620c8-1831-4818-8c74-b715f8a7d627,Bashful Fudge Bunny,MEDIUM,12.0,5.0,28.0,More on the way,2024-01-06 07:44:58
b1686bda-1098-4d48-8296-1930759ad1a3,c1a620c8-1831-4818-8c74-b715f8a7d627,Bashful Fudge Bunny,SMALL,7.0,4.0,18.0,In Stock,2024-01-06 07:44:58
9233b81c-8746-46cc-8584-47b2e23f3f1c,88bbd085-c450-45e4-afee-43f589ebc8bf,Who Can I Find Book,ONE SIZE,7.0,7.0,15.0,In Stock,2024-01-06 07:44:59
7cd62b3e-8ee4-446f-898f-d33e0d582d0f,f65244ea-3d7d-40a9-a800-67c0893f15a2,Blossom Sage Bunny,MEDIUM,12.0,5.0,28.0,In Stock,2024-01-06 07:45:01
1b6e2e83-a1bd-4707-86f8-68a5ad40a6e9,f65244ea-3d7d-40a9-a800-67c0893f15a2,Blossom Sage Bunny,SMALL,7.0,4.0,18.0,More on the way,2024-01-06 07:45:01
8fb864c2-0038-4d6f-9c82-206bc679871e,7c3504e4-8698-40a5-9ff5-4dfde84cff57,Blossom Jasmine Bunny,MEDIUM,12.0,5.0,28.0,In Stock,2024-01-06 07:45:03
47a474fb-f964-4544-8cfd-762647de665e,7c3504e4-8698-40a5-9ff5-4dfde84cff57,Blossom Jasmine Bunny,SMALL,7.0,4.0,18.0,Returning to stock 2-3 months,2024-01-06 07:45:03
ab091962-31bf-4355-b594-0c120b10fd35,eb9dd695-3652-4b19-a8cf-e0434c8e1b90,Bashful Lilac Bunny with Personalised Cream Jumper,MEDIUM,12.0,5.0,38.0,In Stock,2024-01-06 07:45:05
254735f1-b9c0-4c5a-9b79-a3b570d9547b,9aa9516b-bf8a-4326-968e-e3e2b6870560,Bashful Petal Bunny with Personalised Cream Jumper,MEDIUM,12.0,5.0,38.0,In Stock,2024-01-06 07:45:07
6ee782da-7bfb-4b22-96ba-418248e402d7,b0116643-451a-489c-b62f-2f60194e3edd,Blossom Sage Bunny with Personalised Cream Jumper,MEDIUM,12.0,5.0,38.0,In Stock,2024-01-06 07:45:09
10e66a94-552e-4024-897e-54b3f57521d8,6603b9a2-1959-4680-ba5e-2fb1dbdb4536,Blossom Jasmine Bunny with Personalised Cream Jumper,MEDIUM,12.0,5.0,38.0,In Stock,2024-01-06 07:45:10
3b6c36c2-f861-4ce7-a85e-4381fc9d9a3c,5e11d720-d901-42c1-9fe1-87fbcf7a5362,Bashful Lilac Bunny with Personalised Navy Jumper,MEDIUM,12.0,5.0,38.0,In Stock,2024-01-06 07:45:12
d162ef9a-ecd7-408b-a3d1-dd2dab6c5b7f,493dbb00-922d-44da-9d1c-bf0e72909d70,Bashful Petal Bunny with Personalised Navy Jumper,MEDIUM,12.0,5.0,38.0,In Stock,2024-01-06 07:45:14
2a51c962-a27b-4176-ab01-f7253676de50,49f4f8f6-d98c-46a3-abad-11feebf401e0,Blossom Sage Bunny with Personalised Navy Jumper,MEDIUM,12.0,5.0,38.0,In Stock,2024-01-06 07:45:15
98531fb1-accb-49d4-aa53-1345437cf607,714bb0b4-9f84-41f1-9306-f4eba6b6c6af,Blossom Jasmine Bunny with Personalised Navy Jumper,MEDIUM,12.0,5.0,38.0,In Stock,2024-01-06 07:45:17
afbe6f0b-7da5-444f-998a-3726409e4987,44877ac1-dad7-4c6b-a913-5c783bed833d,Bashful Lilac Bunny with Personalised Red Jumper,MEDIUM,12.0,5.0,38.0,In Stock,2024-01-06 07:45:19
301dba59-3b3b-48d3-91a9-cce0cafd28ba,20dc5600-fe60-4d32-acee-9f1d853bc9a7,Bashful Petal Bunny with Personalised Red Jumper,MEDIUM,12.0,5.0,38.0,In Stock,2024-01-06 07:45:21
8dcf0610-8fe7-4307-a744-9b3e50c8095f,534c8abb-9070-481b-a444-87b4e9e46b6d,Blossom Sage Bunny with Personalised Red Jumper,MEDIUM,12.0,5.0,38.0,In Stock,2024-01-06 07:45:23
1ac1b839-26e2-4c72-baa8-56902f08040a,9277def6-22af-4810-ad05-8ff9a98840fc,Blossom Jasmine Bunny with Personalised Red Jumper,MEDIUM,12.0,5.0,38.0,In Stock,2024-01-06 07:45:26
65a67558-7dd0-4fdd-9f63-8cf48e88e37a,063fbba8-a0e1-416f-8d32-28bba9211b70,Personalised Bashful Lilac Bunny Medium,MEDIUM,12.0,5.0,34.0,In Stock,2024-01-06 07:45:27
bff432ac-0d57-461b-9cd3-9f575cdbcc87,b7e6747b-0875-4079-976f-96fc4a5429ab,Personalised Bashful Petal Bunny Medium,MEDIUM,12.0,5.0,34.0,In Stock,2024-01-06 07:45:29
b2932798-5ef2-4c74-8b76-3576f7465575,219dd025-21ef-494e-90a4-38244f27805b,Alice Axolotl,MEDIUM,11.0,5.0,32.5,In Stock,2024-01-06 07:45:31
bb4ef225-1407-4b73-9955-538b1189fcb7,219dd025-21ef-494e-90a4-38244f27805b,Alice Axolotl,SMALL,7.0,2.0,22.0,In Stock,2024-01-06 07:45:31
2ef9b47d-2c1b-4546-96e9-7667f8350a8d,8c5b346c-d5bb-4c94-a842-f51452e50044,Bashful Shimmer Bunny,MEDIUM,12.0,5.0,28.0,In Stock,2024-01-06 07:45:33
4c962a89-449d-485c-ba2d-7c367184698a,8c5b346c-d5bb-4c94-a842-f51452e50044,Bashful Shimmer Bunny,SMALL,7.0,4.0,18.0,In Stock,2024-01-06 07:45:33
b2d3ee55-3d96-4dc3-9a14-5960d30edc59,571a30dc-463c-4ca8-b6da-e66e681c010b,If I Were A Pony Book,ONE SIZE,6.0,6.0,13.5,In Stock,2024-01-06 07:45:35
359d0cdd-9c7a-4723-8009-19756da1a70a,d2d36865-37d0-4bf6-affb-16f6ea23d05a,Blossom Bea Beige Bunny Comforter,ONE SIZE,10.0,9.0,17.0,In Stock,2024-01-06 07:45:37
57cc18eb-3a19-47fa-8e3e-65b625e7dab1,753190fd-1261-4231-bf41-3cd10decdc36,Cozy Crew Octopus,ONE SIZE,8.0,4.0,25.0,In Stock,2024-01-06 07:45:38
94922eb4-2901-4343-be2d-1e613f35a6e2,d968e553-9fae-4903-bdbb-aa62514d8875,Fossilly Stegosaurus,MEDIUM,6.0,5.0,38.0,In Stock,2024-01-06 07:45:40
49c0c6fd-f60b-4aea-9818-1201458287e5,d968e553-9fae-4903-bdbb-aa62514d8875,Fossilly Stegosaurus,SMALL,3.0,2.0,15.0,More on the way,2024-01-06 07:45:40
48126b44-fc76-41af-96f0-65bac402caf9,63d30656-35b8-43ed-9d75-a5ab9dd63106,Fuddlewuddle Lion Soother,ONE SIZE,13.0,13.0,25.0,In Stock,2024-01-06 07:45:42
43efe95a-5853-4e30-818f-635629013298,d74a70a0-8e8a-4581-9284-ef60d7c6462f,Bashful Shimmer Bunny with Personalised Cream Jumper,MEDIUM,12.0,5.0,38.0,In Stock,2024-01-06 07:45:43
7d0862d3-572e-4583-8096-d62d3a5f2d45,c134703a-eb59-46a9-ada2-396a01419acb,Bashful Shimmer Bunny with Personalised Navy Jumper,MEDIUM,12.0,5.0,38.0,In Stock,2024-01-06 07:45:45
56bb3dd3-6a88-4027-8ce1-6ce04c6e3910,9f9854b0-8760-4f38-a0c6-0ed77cfa734c,Bashful Shimmer Bunny with Personalised Red Jumper,MEDIUM,12.0,5.0,38.0,In Stock,2024-01-06 07:45:47
4f1bbe99-0b27-4369-a0e4-e0cda1af9bd7,9b911e1c-7d7d-49db-98fb-15367065b93e,Lingley Bunny Soother,ONE SIZE,11.0,7.0,20.0,In Stock,2024-01-06 07:45:48
030f7617-2281-4245-ae93-bce7c823393c,3f11ca20-c5ae-4510-98e3-877656893348,Lingley Elephant Soother,ONE SIZE,11.0,7.0,20.0,In Stock,2024-01-06 07:45:50
b20bd1f0-7364-4c06-bd33-d35c8b2f7941,90fa02fc-7c31-48d8-b2d1-16e52871edc3,Tartan Lottie Bunny,ONE SIZE,11.0,4.0,27.5,In Stock,2024-01-06 07:45:51
fc951fc8-aa38-4ebf-ba4e-6117bfe592ae,63455334-5151-4b47-93ca-5d5fc39eeb3d,Onyx Dragon,HUGE,7.0,26.0,120.0,Out of stock,2024-01-06 07:45:53
683370cd-dd82-4693-96bc-317041aec4da,63455334-5151-4b47-93ca-5d5fc39eeb3d,Onyx Dragon,MEDIUM,5.0,20.0,65.0,In Stock,2024-01-06 07:45:53
3073dbe0-4ffd-4600-a601-db22f9fc9907,63455334-5151-4b47-93ca-5d5fc39eeb3d,Onyx Dragon,LITTLE,3.0,12.0,32.5,More on the way,2024-01-06 07:45:53
21e6e677-01af-4a67-9aab-7cc54148eea1,88a9abdb-191d-454b-9c80-20c5a4b4b18e,Personalised Bashful Shimmer Bunny Medium,MEDIUM,12.0,5.0,34.0,In Stock,2024-01-06 07:45:55
d3783bf8-4e3e-4617-a4a7-716a7ad739b3,107d6d31-68e1-401c-94ce-20d2b2d9f08b,Personalised Fuddlewuddle Lion Soother,ONE SIZE,13.0,13.0,31.0,In Stock,2024-01-06 07:45:57
c0d9dfef-fd25-4d69-9c75-38b2de23323e,21857b2c-84f9-488b-9305-9d74e6d41599,Personalised Snow Dragon Huge,HUGE,7.0,26.0,126.0,In Stock,2024-01-06 07:45:59
a4cbf68b-aa10-4681-9d0c-976c65a29d1b,66277e7a-02a3-46b4-a193-7a3f65fa8f94,Rumpletum Lion,ONE SIZE,11.0,8.0,40.0,In Stock,2024-01-06 07:46:01
6a38b6b8-e094-47fb-9007-bb51840efbb6,e9d34261-bc8d-4a97-8c59-f9c59823f497,Snuggler Cat,ONE SIZE,9.0,5.0,25.0,In Stock,2024-01-06 07:46:02
a58bd1b0-b4a0-4900-972c-0e2fc162b7d2,a2c9d689-a8bc-43d7-83e8-bfb50f0ecff9,Cordy Roy Baby Bunny Soother,ONE SIZE,11.0,9.0,23.0,In Stock,2024-01-06 07:46:04
5df87f97-95df-4edf-92b6-047e01ff2ecd,775a67ee-0831-435c-bd70-ccc39c05d527,Cordy Roy Baby Lion Soother,ONE SIZE,11.0,9.0,23.0,In Stock,2024-01-06 07:46:06
d3320377-0f3a-493c-ad53-a3dd93a21a52,e99cc4b4-e103-445d-b0b8-51f8418152d9,Bashful Tiger,HUGE,20.0,8.0,80.0,In Stock,2024-01-06 07:46:08
dc3c33b7-18dc-42e1-801c-f8efe2aa112a,e99cc4b4-e103-445d-b0b8-51f8418152d9,Bashful Tiger,MEDIUM,12.0,5.0,28.0,More on the way,2024-01-06 07:46:08
8f001010-4dcb-4952-befe-ee4ad3ec1ce5,e99cc4b4-e103-445d-b0b8-51f8418152d9,Bashful Tiger,SMALL,7.0,4.0,18.0,In Stock,2024-01-06 07:46:08
5775eeee-2d1f-43b0-a36a-be0e3cb50bd1,1f6441e2-1cf0-405f-92e8-e4de41f10ec4,Bashful Cerise Bunny,MEDIUM,12.0,5.0,28.0,Out of stock,2024-01-06 07:46:10
11581352-7087-4247-ab42-f24ba2163fb7,1f6441e2-1cf0-405f-92e8-e4de41f10ec4,Bashful Cerise Bunny,SMALL,7.0,4.0,18.0,In Stock,2024-01-06 07:46:10
24b7aa76-ce40-4c8c-91e4-dd969fc9e1a9,6c417b72-348e-4342-ade8-ad40046412c3,Beatrice Butterfly,LARGE,8.0,13.0,33.0,In Stock,2024-01-06 07:46:12
80f14470-83a2-4b51-8f19-548f522afaf6,8089a5dc-1272-4208-8189-d1acdb320495,Little Me Book,ONE SIZE,8.0,8.0,15.0,In Stock,2024-01-06 07:46:14
0ff95e8f-3157-4cf3-bc34-5b4b6a5af433,2c01baa2-d733-4ec5-9073-e1f74a6841dd,Blossom Dusky Blue Bunny,MEDIUM,12.0,5.0,28.0,In Stock,2024-01-06 07:46:15
74883bbf-32d4-4aa7-97e7-52099792afb0,2c01baa2-d733-4ec5-9073-e1f74a6841dd,Blossom Dusky Blue Bunny,SMALL,7.0,4.0,18.0,Out of stock,2024-01-06 07:46:15
0e141921-5d92-4b7d-90cb-8c13acae97fb,372dca98-e140-49a3-b435-6b26f4006078,Blossom Bea Beige Bunny,MEDIUM,12.0,5.0,28.0,In Stock,2024-01-06 07:46:17
27cdfa8d-ddaf-4fa9-93a3-06f86d4f6386,372dca98-e140-49a3-b435-6b26f4006078,Blossom Bea Beige Bunny,SMALL,7.0,4.0,18.0,Returning to stock 2-3 months,2024-01-06 07:46:17
5a90c74f-aff4-43e2-9888-cd8324209070,15f0bb29-859a-4707-8871-c0fa1b70731b,Fossilly T-Rex,MEDIUM,11.0,6.0,38.0,In Stock,2024-01-06 07:46:19
aeb57898-df2f-44d6-b8f0-6be53a865448,15f0bb29-859a-4707-8871-c0fa1b70731b,Fossilly T-Rex,SMALL,5.0,3.0,15.0,More on the way,2024-01-06 07:46:19
afb92688-d4cd-430a-9349-cef6beded687,2ad48c2c-58e3-43cf-a203-934c79525c57,Bashful Dusky Blue Bunny with Personalised Cream Jumper,MEDIUM,12.0,5.0,38.0,In Stock,2024-01-06 07:46:21
0c23016c-90b6-4f8f-8457-eca5c1c50812,4005ca11-fe10-45e8-86bd-2b52fdf39433,Bashful Tiger with Personalised Cream Jumper,MEDIUM,12.0,5.0,38.0,In Stock,2024-01-06 07:46:23
1da25002-f18f-4852-8bc9-7ecf4c27ddcb,c699b432-4ae0-49c8-8886-d3aeda0e8eb6,Blossom Dusky Blue with Personalised Cream Jumper,MEDIUM,12.0,5.0,38.0,In Stock,2024-01-06 07:46:25
e967156b-1936-4e56-87f9-b66e63451d82,d5a1d643-7d79-4c47-81ac-0cf5ef3cddaf,Blossom Bea Beige Bunny with Personalised Cream Jumper,MEDIUM,12.0,5.0,38.0,In Stock,2024-01-06 07:46:27
87b0c427-d14e-49a9-abd0-b02b6c817ec6,2240fe0e-7fef-4518-8c3a-a9cb77db0c37,Bashful Dusky Blue Bunny with Personalised Navy Jumper,MEDIUM,12.0,5.0,38.0,In Stock,2024-01-06 07:46:29
2e74bd42-6cc6-4d61-b6c4-1766a888bb07,e322d12e-493b-4e93-9ced-c9d843c2d9e9,Bashful Tiger with Personalised Navy Jumper,MEDIUM,12.0,5.0,38.0,In Stock,2024-01-06 07:46:30
569105e1-537c-42d9-b4d2-7e3a983b5bcb,7d2b30cc-9bac-4ba3-b055-c9da8a07e5e7,Blossom Dusky Blue with Personalised Navy Jumper,MEDIUM,12.0,5.0,38.0,In Stock,2024-01-06 07:46:32
076d227b-7f2d-46de-99de-fec39e54c460,9ae8cd88-a33e-4816-9e9e-1ad510471832,Blossom Bea Beige Bunny with Personalised Navy Jumper,MEDIUM,12.0,5.0,38.0,In Stock,2024-01-06 07:46:34
02f2068a-3fb7-4066-abb2-f9c7abdd2db6,be5eab9f-c3c9-4bd8-9c0f-60b519d416b6,Bashful Dusky Blue Bunny with Personalised Red Jumper,MEDIUM,12.0,5.0,38.0,In Stock,2024-01-06 07:46:36
ee0aad20-c8c3-4046-b6e9-41d20af9345f,527bfe66-5663-425b-bef3-f3a6c3136205,Bashful Tiger with Personalised Red Jumper,MEDIUM,12.0,5.0,38.0,In Stock,2024-01-06 07:46:38
f0013988-139f-4716-9d1f-518582bbd090,aca88980-1a57-49f4-bbce-91d77e44df00,Blossom Dusky Blue Bunny with Personalised Red Jumper,MEDIUM,12.0,5.0,38.0,In Stock,2024-01-06 07:46:40
88da975a-eccf-49bb-af37-1a9146803edd,e6270641-351a-4b84-9604-cb2e03289bb5,Blossom Bea Beige Bunny with Personalised Red Jumper,MEDIUM,12.0,5.0,38.0,In Stock,2024-01-06 07:46:41
5a51de74-52ea-4916-877e-af7615981c8f,1a63584a-098d-42ec-98bc-563cb08c60cc,Odyssey Octopus,REALLY BIG,30.0,12.0,130.0,More on the way,2024-01-06 07:46:46
574a21e2-71c3-4d80-8fdc-37a0cfe6aefb,1a63584a-098d-42ec-98bc-563cb08c60cc,Odyssey Octopus,HUGE,21.0,9.0,68.5,Out of stock,2024-01-06 07:46:46
239bc175-12fc-463d-ab47-295c0d2b75c7,1a63584a-098d-42ec-98bc-563cb08c60cc,Odyssey Octopus,LARGE,19.0,7.0,53.0,More on the way,2024-01-06 07:46:46
5ff0a03f-3a10-4685-89c8-a42dfe23e91d,1a63584a-098d-42ec-98bc-563cb08c60cc,Odyssey Octopus,LITTLE,9.0,4.0,30.0,In Stock,2024-01-06 07:46:46
81951f2b-1397-4ad3-868e-9475760fe4e5,1a63584a-098d-42ec-98bc-563cb08c60cc,Odyssey Octopus,TINY,6.0,3.0,18.0,In Stock,2024-01-06 07:46:46
c5cd006f-5c3a-4ac9-bb4c-3d7e79f8a4d9,b0742be2-cf4e-4ddc-a45f-a480f5546933,Sage Dragon,HUGE,7.0,26.0,120.0,More on the way,2024-01-06 07:46:49
1ad54edd-4cde-462a-aca4-7968afa20d41,b0742be2-cf4e-4ddc-a45f-a480f5546933,Sage Dragon,MEDIUM,5.0,20.0,65.0,Returning to stock 2-3 months,2024-01-06 07:46:49
e3add88a-c9dd-4273-b426-ae34af7be0a0,b0742be2-cf4e-4ddc-a45f-a480f5546933,Sage Dragon,LITTLE,3.0,12.0,32.5,In Stock,2024-01-06 07:46:49
492aec09-c8d2-4ef4-8b49-cb810a3d3b45,d6d94924-0a96-49b6-a4ab-564d6e5c590f,Sienna Seahorse,MEDIUM,11.0,4.0,30.0,More on the way,2024-01-06 07:46:51
3ac6dd81-9610-49bb-bb56-e3b49ed48c1e,d6d94924-0a96-49b6-a4ab-564d6e5c590f,Sienna Seahorse,SMALL,7.0,2.0,20.0,In Stock,2024-01-06 07:46:51
786a7edc-c2a5-491c-b986-31c9bff9958b,7deb3c59-ef93-4fdc-a680-a089aaff8cfe,Bashful Plum Bunny,HUGE,20.0,8.0,80.0,Out of stock,2024-01-06 07:46:53
7c48c7c7-1fdf-4d3d-a4e4-ccd5eff2e0b4,7deb3c59-ef93-4fdc-a680-a089aaff8cfe,Bashful Plum Bunny,MEDIUM,12.0,5.0,25.0,Out of stock,2024-01-06 07:46:53
631bf73c-8ba3-4430-b7ff-28011a5a11e1,7deb3c59-ef93-4fdc-a680-a089aaff8cfe,Bashful Plum Bunny,SMALL,7.0,4.0,18.0,In Stock,2024-01-06 07:46:53
999b9743-682a-4958-8d2a-7d09f4607d10,970c9913-5b91-4306-9830-428f09a9bf83,Fossilly Brontosaurus,MEDIUM,10.0,5.0,38.0,In Stock,2024-01-06 07:46:55
5f06049e-4e0b-42f1-9732-52ecca0ccc9e,970c9913-5b91-4306-9830-428f09a9bf83,Fossilly Brontosaurus,SMALL,3.0,2.0,15.0,More on the way,2024-01-06 07:46:55
a02a53af-2bdb-472c-9e9b-6540d5c55d24,9b86de29-291a-44fa-b38c-49558844b3f2,Fossilly Triceratops,MEDIUM,7.0,4.0,38.0,In Stock,2024-01-06 07:46:56
2a5f929c-f4b3-49e9-a4e7-878a0e0fbea0,9b86de29-291a-44fa-b38c-49558844b3f2,Fossilly Triceratops,SMALL,4.0,2.0,15.0,Out of stock,2024-01-06 07:46:56
7e5d5f0d-a761-4f1a-b538-017174ed6cc4,64e29a51-80a8-41dd-a0c4-4bc6eaa82c98,Snow Dragon,HUGE,7.0,26.0,120.0,In Stock,2024-01-06 07:46:59
311144f9-e8d9-452f-a404-e496748bc8c6,64e29a51-80a8-41dd-a0c4-4bc6eaa82c98,Snow Dragon,MEDIUM,5.0,20.0,65.0,In Stock,2024-01-06 07:46:59
8984ab84-d1ae-4ebb-a1da-615e4395edf4,64e29a51-80a8-41dd-a0c4-4bc6eaa82c98,Snow Dragon,LITTLE,3.0,12.0,32.5,In Stock,2024-01-06 07:46:59
3de99cda-0fdf-4dae-8fdc-8ae3f03200b3,06ada12d-fecf-4350-a329-6105dd46ed88,Blossom Blush Bunny,LARGE,14.0,6.0,43.0,Out of stock,2024-01-06 07:47:01
52007d00-c7ce-4d25-9805-0d3e9092ab72,06ada12d-fecf-4350-a329-6105dd46ed88,Blossom Blush Bunny,MEDIUM,12.0,5.0,28.0,In Stock,2024-01-06 07:47:01
aecfc5ee-04b9-49b7-8845-bfa6969877ca,06ada12d-fecf-4350-a329-6105dd46ed88,Blossom Blush Bunny,SMALL,7.0,4.0,18.0,In Stock,2024-01-06 07:47:01
7af47367-7141-44c1-a336-337404798bee,36597bc5-fe89-4c6f-8236-1caa90d0798d,Blossom Blush Bunny with Personalised Cream Jumper,MEDIUM,12.0,5.0,38.0,In Stock,2024-01-06 07:47:02
149562c6-634e-4c72-b95a-e07cc1ae5e24,717edfb9-924f-46b1-83cb-5edb58cbdfbc,Blossom Blush Bunny with Personalised Navy Jumper,MEDIUM,12.0,5.0,38.0,In Stock,2024-01-06 07:47:04
4dce17e4-ab68-4e0e-b58f-987fb08ede04,3fc91c72-b017-4f16-bf5a-03bdf42781f0,Blossom Blush Bunny with Personalised Red Jumper,MEDIUM,12.0,5.0,38.0,In Stock,2024-01-06 07:47:06
e2e8a710-f580-4551-80d2-1b48b589b603,7c60b5bb-f0ba-4280-99dc-38251e16ab8c,Personalised Odell Octopus Soother,ONE SIZE,13.0,13.0,31.0,In Stock,2024-01-06 07:47:07
e2b354fe-13fc-49ee-a430-609b6d6ad111,5cf93628-9540-4beb-9fa1-82b018e394aa,Wiley Whale,HUGE,8.0,31.0,90.0,In Stock,2024-01-06 07:47:09
c12547f0-3995-4316-9520-640f764a41d5,5cf93628-9540-4beb-9fa1-82b018e394aa,Wiley Whale,LARGE,7.0,20.0,53.0,In Stock,2024-01-06 07:47:09
053e742b-fcb8-4701-8fd5-ce0d9cfbe4ef,016766c5-2ad7-4ced-8e82-d0655fcc0d8e,Bailey Sloth,MEDIUM,16.0,3.0,35.0,In Stock,2024-01-06 07:47:11
4b8411f3-5f4e-40b4-8089-36b37393fdac,016766c5-2ad7-4ced-8e82-d0655fcc0d8e,Bailey Sloth,SMALL,13.0,2.0,28.0,Out of stock,2024-01-06 07:47:11
09f4e274-0719-4c51-9df4-859dc65ed1dc,ce216d86-6f84-48ad-bb5d-bed5d9e08f7c,Storm Octopus,LARGE,19.0,7.0,53.0,In Stock,2024-01-06 07:47:13
8ce415f2-2329-4d36-8fd7-e3d58c3b1709,ce216d86-6f84-48ad-bb5d-bed5d9e08f7c,Storm Octopus,LITTLE,9.0,4.0,30.0,Returning to stock 3-4 weeks,2024-01-06 07:47:13
0bf19db7-18fd-406e-ba64-d45e17f1771a,ce216d86-6f84-48ad-bb5d-bed5d9e08f7c,Storm Octopus,TINY,6.0,3.0,18.0,More on the way,2024-01-06 07:47:13
57a83c80-4685-4a8b-bff0-2bdd3a7e153b,2c609072-bfe3-4b6c-9deb-5d103d984569,Bashful Dragon,VERY BIG,43.0,18.0,275.0,In Stock,2024-01-06 07:47:18
31980113-6892-4f19-9259-ff19ae34a13e,2c609072-bfe3-4b6c-9deb-5d103d984569,Bashful Dragon,REALLY BIG,26.0,12.0,125.0,More on the way,2024-01-06 07:47:18
fef4202f-6bc5-4275-8b89-0d38bebc170a,2c609072-bfe3-4b6c-9deb-5d103d984569,Bashful Dragon,HUGE,20.0,8.0,69.5,Out of stock,2024-01-06 07:47:18
3ca8e624-7124-48c1-81af-8b34b3a8f9e0,2c609072-bfe3-4b6c-9deb-5d103d984569,Bashful Dragon,MEDIUM,12.0,5.0,28.0,More on the way,2024-01-06 07:47:18
8e6d6912-9ab5-47db-8afb-4a92cb2c955d,2c609072-bfe3-4b6c-9deb-5d103d984569,Bashful Dragon,SMALL,7.0,4.0,18.0,More on the way,2024-01-06 07:47:18
3e9ac127-2b50-4899-bf30-907c410ee460,6d7cc2f8-55ea-4688-b483-6e4d7ce849d5,Bashful Dino,VERY BIG,43.0,18.0,275.0,In Stock,2024-01-06 07:47:23
cc8846f7-77a3-40f5-9d8e-f6e9f6349c27,6d7cc2f8-55ea-4688-b483-6e4d7ce849d5,Bashful Dino,REALLY BIG,26.0,12.0,125.0,In Stock,2024-01-06 07:47:23
96328ddf-1bbd-4748-8144-562af39d77bc,6d7cc2f8-55ea-4688-b483-6e4d7ce849d5,Bashful Dino,HUGE,20.0,8.0,80.0,In Stock,2024-01-06 07:47:23
29223f3a-6969-4a1e-bee5-22e614ba76d7,6d7cc2f8-55ea-4688-b483-6e4d7ce849d5,Bashful Dino,MEDIUM,12.0,5.0,28.0,In Stock,2024-01-06 07:47:23
1b05fbc7-e771-4b83-bdb3-d7b52c959532,6d7cc2f8-55ea-4688-b483-6e4d7ce849d5,Bashful Dino,SMALL,7.0,4.0,18.0,More on the way,2024-01-06 07:47:23
cecfa691-3e6a-4d09-a1bf-77a34c28b0ee,28e34260-9045-4e72-980f-14242378d100,Bashful Turtle,MEDIUM,12.0,5.0,28.0,Returning to stock 2-3 months,2024-01-06 07:47:25
ee12e90c-d6ea-4a84-87f1-a36ff2587b33,28e34260-9045-4e72-980f-14242378d100,Bashful Turtle,SMALL,7.0,4.0,18.0,In Stock,2024-01-06 07:47:25
ab7b1636-ab00-4684-8c2c-5617edbf695a,d7946095-c9ff-487f-a799-0f4eafc7e460,Elly Ballerina Book,ONE SIZE,12.0,,15.0,In Stock,2024-01-06 07:47:26
3eebd27e-c0f3-4edd-b91f-d298e5f7b9b4,48b70e89-1689-4b8a-bb05-116ec2db9d1b,Livi Leopard,LARGE,5.0,18.0,80.0,In Stock,2024-01-06 07:47:28
316e009b-bd5c-4d78-9b18-0e882e7c4db6,48b70e89-1689-4b8a-bb05-116ec2db9d1b,Livi Leopard,LITTLE,3.0,11.0,35.0,Out of stock,2024-01-06 07:47:28
822c3b18-a8a1-44fd-a57d-adaf641c8207,13adcdd3-9ae6-4618-a70c-6d5ae5ac5f5c,If I Were A Lamb Book and Bashful Lamb,SMALL,,,31.5,In Stock,2024-01-06 07:47:30
792174b2-1ba1-4a2d-8b72-99c76ffa8a14,d350da42-e92c-45c5-a20d-9c478ae80172,Smudge Puppy,MEDIUM,9.0,5.0,35.0,In Stock,2024-01-06 07:47:32
241a0e6d-a59b-479f-a76d-fa346406b004,8d3c9eb8-107d-49c2-bfe0-f9c06d4cedd7,Bashful Navy Bunny,MEDIUM,12.0,5.0,28.0,In Stock,2024-01-06 07:47:34
787f7117-cc76-43d9-b4a6-15820c747e5c,8d3c9eb8-107d-49c2-bfe0-f9c06d4cedd7,Bashful Navy Bunny,SMALL,7.0,4.0,18.0,Out of stock,2024-01-06 07:47:34
eb20c4f1-bd5d-4753-9318-31ba1dc2d3f8,31c70b4a-35df-4385-99d5-c3d3756ac9f9,Bashful Navy Bunny with Personalised Cream Jumper,MEDIUM,12.0,5.0,38.0,In Stock,2024-01-06 07:47:36
c0d01438-3f0c-49d1-bf58-e69019af9641,b70e4a34-4951-4068-95fb-0623bb7f98c2,Bashful Navy Bunny with Personalised Red Jumper,MEDIUM,12.0,5.0,38.0,In Stock,2024-01-06 07:47:38
b14ce093-58ae-452c-98e1-1c19ab12948b,4bebc1c2-5bb0-44b6-9324-da55fdce5bf2,Percy Penguin,LARGE,14.0,6.0,40.0,More on the way,2024-01-06 07:47:40
44318703-097d-4841-ad46-683370c6298b,4bebc1c2-5bb0-44b6-9324-da55fdce5bf2,Percy Penguin,LITTLE,9.0,4.0,27.5,In Stock,2024-01-06 07:47:40
ddab5909-352a-4111-a2d5-e70f8f3802ca,4bebc1c2-5bb0-44b6-9324-da55fdce5bf2,Percy Penguin,TINY,6.0,3.0,18.0,More on the way,2024-01-06 07:47:40
b7bc4ac3-defa-49fd-b742-bf479852b9ee,faabe011-057f-40a8-99ed-41a7c4b27c6c,Personalised Bashful Navy Bunny Medium,MEDIUM,12.0,5.0,34.0,In Stock,2024-01-06 07:47:41
948aba24-750a-4ad7-9607-fdf518e2bf95,2c5a2dba-922a-4576-b8e5-ce10dfdeba09,Sacha Snow Tiger,REALLY BIG,9.0,29.0,200.0,In Stock,2024-01-06 07:47:44
d5a5db5e-39b7-48db-a68f-619586a10d3c,2c5a2dba-922a-4576-b8e5-ce10dfdeba09,Sacha Snow Tiger,LARGE,5.0,18.0,80.0,More on the way,2024-01-06 07:47:44
1072df93-af90-4905-9f54-be6af0f8ffbd,b1fdc4b3-1357-4751-8cd8-887e55c8c069,Bashful Giraffe,MEDIUM,12.0,5.0,28.0,In Stock,2024-01-06 07:47:45
f2577aa0-9a1d-457d-b923-3674d885490a,b1fdc4b3-1357-4751-8cd8-887e55c8c069,Bashful Giraffe,SMALL,7.0,4.0,18.0,Returning to stock 3-4 weeks,2024-01-06 07:47:45
d314879c-318a-4cc7-b47e-6d12f52e3a1b,56ebc44f-02af-4111-89c5-592726b2892f,Bashful Lamb,MEDIUM,12.0,5.0,28.0,More on the way,2024-01-06 07:47:47
c277c94b-22a7-467e-949f-4d6a7d947b7d,56ebc44f-02af-4111-89c5-592726b2892f,Bashful Lamb,SMALL,7.0,4.0,18.0,In Stock,2024-01-06 07:47:47
61053fed-23f4-4bf1-9628-bbb28ee5af7b,0327cdf7-23ef-4eaa-ac6b-0af71dedd345,My Friend Bunny Book,ONE SIZE,9.0,9.0,15.0,In Stock,2024-01-06 07:47:49
400be8c8-ddd4-4e5a-a0b9-0917892320fb,a3368f6d-f62c-49fc-abcb-bc1f6086b8ba,Bashful Beige Bunny Blanket,ONE SIZE,40.0,30.0,45.0,In Stock,2024-01-06 07:47:50
3239d928-979e-41c8-944d-3ac071619e04,ed5d3bc5-b53b-4759-b2df-c2863f41b545,Bashful Blue Bunny Blanket,ONE SIZE,40.0,30.0,45.0,In Stock,2024-01-06 07:47:52
57fa5d9a-3f27-4ff3-91e0-bb09acfd2c69,ac3f0c8a-d6d4-4bab-8b40-c4422667e723,Bashful Pink Bunny Blanket,ONE SIZE,40.0,30.0,45.0,In Stock,2024-01-06 07:47:54
46afed44-6c23-4db1-9f54-5e22f9e403b5,7bf20166-51a1-450c-8d6a-4bd51ff14d92,Harry Panda Cub,HUGE,20.0,10.0,120.0,Out of stock,2024-01-06 07:47:59
0a074e5a-5aab-4b9f-9e28-aa0dbbeac056,7bf20166-51a1-450c-8d6a-4bd51ff14d92,Harry Panda Cub,LARGE,15.0,8.0,65.0,More on the way,2024-01-06 07:47:59
3c79e2a9-481f-415d-bde3-15dd790a8daa,7bf20166-51a1-450c-8d6a-4bd51ff14d92,Harry Panda Cub,MEDIUM,11.0,6.0,35.0,In Stock,2024-01-06 07:47:59
4305d4ed-cf81-4487-a322-9066551c38e1,7bf20166-51a1-450c-8d6a-4bd51ff14d92,Harry Panda Cub,TINY,5.0,3.0,13.0,Out of stock,2024-01-06 07:47:59
95969ac5-e153-4d4e-9ea2-2b68525813e6,37f58c24-03a1-4d68-8503-f6ae66c13e74,Bashful Giraffe with Personalised Cream Jumper,MEDIUM,12.0,5.0,38.0,In Stock,2024-01-06 07:48:01
dc5d6bcb-c166-431e-8456-8d828e7c0a2e,c7c6437c-3358-4ad8-8d7a-0e134b61d7f8,Bashful Giraffe with Personalised Navy Jumper,MEDIUM,12.0,5.0,38.0,In Stock,2024-01-06 07:48:02
8daa0318-7d7c-43bb-81d3-5aca0ee30b08,00c36203-12f8-44d1-92bb-69fe40a8533c,Bashful Giraffe with Personalised Red Jumper,MEDIUM,12.0,5.0,38.0,In Stock,2024-01-06 07:48:04
87b76d2a-72fb-4b2a-b364-37536c1bd341,b968569a-112f-409d-baea-afa70b353e10,Bashful Lamb with Personalied Red Jumper,MEDIUM,12.0,5.0,38.0,In Stock,2024-01-06 07:48:06
dc7eeabe-6311-4ae0-934d-7d5ec498c139,8432b369-b5b5-49c5-9e68-8a4cf983dd6e,Larry Lobster,MEDIUM,11.0,4.0,33.0,In Stock,2024-01-06 07:48:08
1c4efe2b-e964-48a2-b1de-270a9d233754,8432b369-b5b5-49c5-9e68-8a4cf983dd6e,Larry Lobster,SMALL,8.0,3.0,25.0,Returning to stock 2-3 months,2024-01-06 07:48:08
52c36a46-b334-4eef-997b-d7c87b8b71e2,70626059-80b1-4878-bc39-472f70351b28,Bashful Truffle Bunny,MEDIUM,12.0,5.0,28.0,In Stock,2024-01-06 07:48:10
155c8395-170e-47bd-9cc6-8d82a3392dc0,70626059-80b1-4878-bc39-472f70351b28,Bashful Truffle Bunny,SMALL,7.0,4.0,18.0,Out of stock,2024-01-06 07:48:10
05cf701e-eda4-439b-877f-9af1461600bd,e358c387-08a9-4e25-8c52-36eb5665e10c,Colin Chameleon,ONE SIZE,11.0,4.0,29.0,In Stock,2024-01-06 07:48:11
9f506b67-1eba-4690-b9c3-9f6d316dd8cf,3eec095e-3b3b-4387-8bc7-46b830ff03d7,Bashful Truffle Bunny with Personalised Cream Jumper,MEDIUM,12.0,5.0,38.0,In Stock,2024-01-06 07:48:13
03c97db5-010d-4593-b2ee-63601d7de9a3,cf96e7ed-7d1d-4f60-807a-2a70d29b9562,Bashful Truffle Bunny with Personalised Navy Jumper,MEDIUM,12.0,5.0,38.0,In Stock,2024-01-06 07:48:15
db087a09-6d01-4853-bfaa-e323f3973e1c,8f9de712-e09a-4b82-9f65-5c0d414f8b7a,Bashful Truffle Bunny with Personalised Red Jumper,MEDIUM,12.0,5.0,38.0,In Stock,2024-01-06 07:48:17
d3a2bd6f-dd82-4bf2-af3f-35307b50eda9,172d7f1a-a0ee-4810-92f7-a29187612712,Bashful Fox Cub,HUGE,20.0,8.0,80.0,In Stock,2024-01-06 07:48:19
4d827a80-89fa-492d-8d2b-02e84da8424c,172d7f1a-a0ee-4810-92f7-a29187612712,Bashful Fox Cub,MEDIUM,12.0,5.0,28.0,More on the way,2024-01-06 07:48:19
7dd81f09-fd90-4b1e-8255-fa3bff1259e1,172d7f1a-a0ee-4810-92f7-a29187612712,Bashful Fox Cub,SMALL,7.0,4.0,16.5,Out of stock,2024-01-06 07:48:19
fbae600b-d956-46b1-b3d7-b284dab17ef8,6fb90c75-bd01-4b33-9e11-7f939cb5f28c,Bashful Toffee Puppy,VERY BIG,43.0,18.0,275.0,In Stock,2024-01-06 07:48:23
2b2cdb75-f7f0-4030-aeaf-563457ae7816,6fb90c75-bd01-4b33-9e11-7f939cb5f28c,Bashful Toffee Puppy,REALLY BIG,26.0,12.0,125.0,In Stock,2024-01-06 07:48:23
ca120d2a-2236-4100-8310-4698da54f8ff,6fb90c75-bd01-4b33-9e11-7f939cb5f28c,Bashful Toffee Puppy,MEDIUM,12.0,5.0,28.0,Returning to stock 2-3 months,2024-01-06 07:48:23
1399553f-4291-41e8-8903-dc5f9547d8b5,6fb90c75-bd01-4b33-9e11-7f939cb5f28c,Bashful Toffee Puppy,SMALL,7.0,4.0,18.0,Returning to stock 2-3 months,2024-01-06 07:48:23
8f078551-650c-40c8-a286-119381fdd536,bf2c588f-83ed-4281-ae65-b28ad08b8d7d,If I Were A Bunny Book,ONE SIZE,6.0,6.0,13.5,In Stock,2024-01-06 07:48:25
5795ae98-ec32-4bc8-8dcb-068a69a31802,1e89fef9-8866-496e-8ab7-71229032ef98,The Very Brave Lion Book,ONE SIZE,9.0,9.0,15.0,In Stock,2024-01-06 07:48:27
49144567-e837-4ff8-bf57-7ee184da7f17,2bf096d4-47cc-4d02-b034-0d63b3f73074,If I Were A Bunny Book and Bashful Bunny,SMALL,,,31.5,In Stock,2024-01-06 07:48:28
1707ed5b-2a1f-4e2d-beaa-c4da22e0c847,746e1579-dd6e-4a40-be8f-2fdf7b2c6ea8,The Very Brave Lion Book and Fuddlewuddle Lion,MEDIUM,,,45.0,In Stock,2024-01-06 07:48:29
14c53633-7125-425b-9b3d-59740617f85a,14cab6dc-51d1-4ab9-8e6e-a8586299cf62,Bashful Twinkle Bunny,MEDIUM,12.0,5.0,28.0,More on the way,2024-01-06 07:48:31
b30dc906-60a9-42f7-9a83-9172fa3df58f,14cab6dc-51d1-4ab9-8e6e-a8586299cf62,Bashful Twinkle Bunny,SMALL,7.0,4.0,18.0,In Stock,2024-01-06 07:48:31
8d189ad5-4d52-4218-8072-d9d4dbcb17ef,826aad6f-2511-4cac-bebc-4ef5690b03c5,Blossom Tulip Bunny,HUGE,20.0,8.0,80.0,Out of stock,2024-01-06 07:48:36
8495c06e-afee-4cf2-8243-0ed160407499,826aad6f-2511-4cac-bebc-4ef5690b03c5,Blossom Tulip Bunny,LARGE,14.0,6.0,43.0,In Stock,2024-01-06 07:48:36
25a2ff0d-2cb0-4e9c-af16-3616da408dcf,826aad6f-2511-4cac-bebc-4ef5690b03c5,Blossom Tulip Bunny,MEDIUM,12.0,5.0,28.0,In Stock,2024-01-06 07:48:36
47918064-7513-4d1f-a69c-8e2499ef6482,826aad6f-2511-4cac-bebc-4ef5690b03c5,Blossom Tulip Bunny,SMALL,7.0,4.0,18.0,In Stock,2024-01-06 07:48:36
becd73e3-96d6-4ed2-b986-f3be99aba855,826aad6f-2511-4cac-bebc-4ef5690b03c5,Blossom Tulip Bunny,TINY,5.0,,10.0,Out of stock,2024-01-06 07:48:36
c2200612-5975-4d15-bcf0-e2a153a32aa8,7fa57511-bf52-495c-b2e8-b61f41d54727,Blossom Tulip Bunny with Personalised Cream Jumper,MEDIUM,12.0,5.0,38.0,In Stock,2024-01-06 07:48:38
730fd85c-be61-4a3b-ad79-963d741b9c89,c6b11f13-0e30-4e99-b72d-0c986cdc155e,Blossom Tulip Bunny with Personalised Navy Jumper,MEDIUM,12.0,5.0,38.0,In Stock,2024-01-06 07:48:40
c0de3285-85fc-485a-8af9-1c3254aa1fbf,b2bf4686-0690-4175-a7c2-a528959bcada,Blossom Tulip Bunny with Personalised Red Jumper,MEDIUM,12.0,5.0,38.0,In Stock,2024-01-06 07:48:42
d8790309-79ee-4c24-a7dd-54387e56e616,0aa0d821-f8cf-4cdc-b48f-7d9c42a8caa6,Personalised Bashful Silver Bunny Huge,HUGE,20.0,8.0,86.0,In Stock,2024-01-06 07:48:44
bb55509e-943d-4c9b-aec0-13714f790743,de600e31-4c60-414f-8690-88e9a5d6e732,If I Were An Elephant Book,ONE SIZE,6.0,6.0,13.5,In Stock,2024-01-06 07:48:45
81d9025c-5581-4f02-870f-c29dee6b993d,34fd7798-fc0c-4ce6-83f9-a75f72f43792,The Magic Bunny Book,ONE SIZE,7.0,7.0,15.0,In Stock,2024-01-06 07:48:47
e3a096ce-aa07-43ca-912e-31b2e5d6f8c3,2aa44a78-1be2-4385-9b09-45c50c4609b4,When I am Big Book,ONE SIZE,8.0,8.0,15.0,In Stock,2024-01-06 07:48:49
03be4fba-b7ae-439e-8d6b-57f4d41b80cd,39e1e6f7-b5d4-40a1-aa9b-f85942eca886,Bumbly Bear,HUGE,23.0,9.0,99.0,Out of stock,2024-01-06 07:48:54
544c8c3b-473f-49aa-b257-02490e84b4bb,39e1e6f7-b5d4-40a1-aa9b-f85942eca886,Bumbly Bear,LARGE,20.0,7.0,60.0,In Stock,2024-01-06 07:48:54
3c512d23-4aae-471a-9202-ba29cc22be54,39e1e6f7-b5d4-40a1-aa9b-f85942eca886,Bumbly Bear,MEDIUM,15.0,6.0,43.0,In Stock,2024-01-06 07:48:54
0066ffb4-7c18-4dfa-a409-cae406eb394a,39e1e6f7-b5d4-40a1-aa9b-f85942eca886,Bumbly Bear,SMALL,11.0,4.0,28.0,More on the way,2024-01-06 07:48:54
f32b0f95-398c-4bdb-827e-ea516e485cc2,f9f61360-c37e-4580-ad00-7661602bdd04,The Magic Bunny Book and Bashful Cottontail Bunny,MEDIUM,,,43.0,In Stock,2024-01-06 07:48:55
a68c6189-7da2-4ca8-afb8-81a113d45890,c019c19a-4de4-41d9-ad64-32312b988da1,Bashful Unicorn,MEDIUM,12.0,5.0,28.0,In Stock,2024-01-06 07:48:57
7bf0e9bb-a23f-4634-977c-3ae6ff12f8ce,c019c19a-4de4-41d9-ad64-32312b988da1,Bashful Unicorn,SMALL,7.0,4.0,18.0,In Stock,2024-01-06 07:48:57
11e8d60d-a49a-47ff-bf20-78509bd0641b,cbd6dbd9-23f0-43a6-b6ba-8d232d0bb609,Fuddlewuddle Monkey,MEDIUM,9.0,5.0,30.0,In Stock,2024-01-06 07:48:59
4c6232e7-6a3a-4df6-b5f6-47b8ddc6fae2,cb5072e3-f3f6-49c1-9c25-c8daf2ebbe31,Bashful Beige Bunny Grabber,ONE SIZE,7.0,3.0,15.0,In Stock,2024-01-06 07:49:00
1beed8b6-7b6a-4f43-b9db-c920b481e3c9,4ecddbbc-60a1-489c-9ab4-2296a8bc5cd6,If I Were A Rabbit Book,ONE SIZE,6.0,6.0,13.5,In Stock,2024-01-06 07:49:02
27737922-5756-40e0-b8c8-64fa85d2e95e,a0a6e472-e5c9-47cb-814f-3eaf20aabc90,If I Were A Rabbit Book and Bashful Tulip Bunny,SMALL,,,31.5,In Stock,2024-01-06 07:49:03
d47da94b-3885-4b1a-b56f-a331fceec999,b5ba1364-a899-4784-a967-b51dda2f9c5d,Fuddlewuddle Lion,HUGE,17.0,9.0,69.0,Out of stock,2024-01-06 07:49:06
aaf63c31-31d1-4167-a88c-e4dbae042b3e,b5ba1364-a899-4784-a967-b51dda2f9c5d,Fuddlewuddle Lion,LARGE,12.0,6.0,50.0,More on the way,2024-01-06 07:49:06
421cf815-9cef-484f-86d4-119feab1fbc7,b5ba1364-a899-4784-a967-b51dda2f9c5d,Fuddlewuddle Lion,MEDIUM,9.0,5.0,30.0,In Stock,2024-01-06 07:49:06
fbb26bd0-ac27-4d49-910e-9805c954406f,f49b62ad-a337-41c9-956c-8b3617db517e,Bartholomew Bear,REALLY BIG,22.0,13.0,140.0,In Stock,2024-01-06 07:49:10
b1c5f09b-bc64-4b7d-aa91-e8cb4a267abd,f49b62ad-a337-41c9-956c-8b3617db517e,Bartholomew Bear,HUGE,19.0,7.0,55.0,In Stock,2024-01-06 07:49:10
7b84bed4-6dd1-435c-800d-05829bc6a5bf,f49b62ad-a337-41c9-956c-8b3617db517e,Bartholomew Bear,LARGE,14.0,7.0,40.0,In Stock,2024-01-06 07:49:10
1acb2ca4-e1ef-4d21-b453-32e422512697,f49b62ad-a337-41c9-956c-8b3617db517e,Bartholomew Bear,MEDIUM,11.0,5.0,28.0,More on the way,2024-01-06 07:49:10
d794861d-94ed-4836-a053-ec61d7337d95,f49b62ad-a337-41c9-956c-8b3617db517e,Bartholomew Bear,TINY,6.0,3.0,18.5,In Stock,2024-01-06 07:49:10
71f7acee-cb04-43d3-808f-69d526efef62,9ca3023a-b414-41ed-a1af-1905c43b140a,Bashful Silver Bunny,VERY BIG,43.0,18.0,275.0,In Stock,2024-01-06 07:49:16
15d7553c-3a4d-4c0b-aba8-23ddf2b673b7,9ca3023a-b414-41ed-a1af-1905c43b140a,Bashful Silver Bunny,REALLY BIG,26.0,11.0,125.0,In Stock,2024-01-06 07:49:16
d3c43ca1-dec6-478f-ad28-8d6e75c0fae2,9ca3023a-b414-41ed-a1af-1905c43b140a,Bashful Silver Bunny,HUGE,20.0,8.0,80.0,In Stock,2024-01-06 07:49:16
a3811e15-9d8d-4ebf-a7c7-68d3a9264057,9ca3023a-b414-41ed-a1af-1905c43b140a,Bashful Silver Bunny,LARGE,14.0,6.0,37.5,Out of stock,2024-01-06 07:49:16
9ec98663-2af6-4906-a46a-04c5310f653b,9ca3023a-b414-41ed-a1af-1905c43b140a,Bashful Silver Bunny,MEDIUM,12.0,5.0,28.0,In Stock,2024-01-06 07:49:16
394168c4-5b2a-434e-bc3b-967e39283957,9ca3023a-b414-41ed-a1af-1905c43b140a,Bashful Silver Bunny,SMALL,7.0,4.0,18.0,In Stock,2024-01-06 07:49:16
78201e61-3d89-472f-9e98-31bd68553ac6,c32a8bf3-e476-4110-9588-bb3dcc2f599e,Bashful Silver Bunny with Personalised Cream Jumper,MEDIUM,12.0,5.0,38.0,In Stock,2024-01-06 07:49:18
6b450f5d-19cd-4d8e-bdda-bb0807db9a3d,6e2c1350-7c48-472a-a5b6-9ca387652576,Bashful Silver Bunny with Personalised Navy Jumper,MEDIUM,12.0,5.0,38.0,In Stock,2024-01-06 07:49:20
c86665e8-18ed-401a-ac60-92aad0a27878,8816a919-bed8-4bcc-af75-d92a47851092,Bashful Silver Bunny with Personalised Red Jumper,MEDIUM,12.0,5.0,38.0,In Stock,2024-01-06 07:49:22
1d11fd57-355d-4d27-abb7-c8a88a95bec9,3f76794d-dc00-4eaf-99f1-a013d619ac93,Personalised Bashful Silver Bunny Medium,MEDIUM,12.0,5.0,34.0,In Stock,2024-01-06 07:49:24
e377c028-98c2-46b0-b046-f1ae115c95fa,6b7123fc-2c09-42a1-9ab5-cf21149002c3,Bashful Cottontail Bunny,VERY BIG,43.0,18.0,275.0,In Stock,2024-01-06 07:49:29
c743ea30-33d8-4f29-8e3d-b94f85c04c19,6b7123fc-2c09-42a1-9ab5-cf21149002c3,Bashful Cottontail Bunny,REALLY BIG,26.0,12.0,125.0,In Stock,2024-01-06 07:49:29
7278d930-cd93-4b40-9658-952e96f9d604,6b7123fc-2c09-42a1-9ab5-cf21149002c3,Bashful Cottontail Bunny,MEDIUM,12.0,5.0,28.0,In Stock,2024-01-06 07:49:29
53430f9a-f46e-4594-8dee-ecb8a9a5b0dd,6b7123fc-2c09-42a1-9ab5-cf21149002c3,Bashful Cottontail Bunny,SMALL,7.0,4.0,17.5,Out of stock,2024-01-06 07:49:29
da6018a6-707c-470a-b797-26b96aa9ba3c,a7cd7fec-ec2f-4bbc-98ff-036ed5e6a987,Blossom Cream Bunny,LARGE,14.0,6.0,43.0,Out of stock,2024-01-06 07:49:30
ee99eed8-96ac-497f-ac83-6a6d6f53eae8,a7cd7fec-ec2f-4bbc-98ff-036ed5e6a987,Blossom Cream Bunny,MEDIUM,12.0,5.0,28.0,Returning to stock 3-4 weeks,2024-01-06 07:49:30
827bc7e7-7cf4-42af-85d2-a4351d6dc84a,a7cd7fec-ec2f-4bbc-98ff-036ed5e6a987,Blossom Cream Bunny,SMALL,7.0,4.0,18.0,In Stock,2024-01-06 07:49:30
d46ccbd7-4d82-4b71-a176-54bae381a6f5,ff1bf9f4-c0b3-4e57-8144-56c7e5df1b66,Bashful Cottontail Bunny with Personalised Cream Jumper,MEDIUM,12.0,5.0,38.0,In Stock,2024-01-06 07:49:32
5dd9ae09-f873-49ee-a407-385dd332d8ba,34b11235-59e1-43a7-8726-98eba2b4296f,Bashful Cottontail Bunny with Personalised Navy Jumper,MEDIUM,12.0,5.0,38.0,In Stock,2024-01-06 07:49:34
effbfac7-1810-4b58-93fb-2c965a6a168f,39769ee2-f664-4469-8f6e-fe8367dad751,Bashful Cottontail Bunny with Personalised Red Jumper,MEDIUM,12.0,5.0,38.0,In Stock,2024-01-06 07:49:36
d4ab36d8-fe4c-45fa-805b-1bd3d73144b1,f5b2f955-31e9-46b4-9e56-a8ddbb59dbd4,Personalised Bashful Cottontail Bunny Medium,MEDIUM,12.0,5.0,34.0,In Stock,2024-01-06 07:49:38
73de27be-c9e7-4a0f-b2cc-5336327f49b1,ad841331-9e15-40c0-a031-79b3947704f0,Bashful Monkey Soother,ONE SIZE,13.0,13.0,25.0,In Stock,2024-01-06 07:49:39
b25348b4-345b-437c-b10e-a5ec73027b15,1712415f-0d73-4be1-98af-359787cb5eb9,Bashful Black & Cream Puppy,VERY BIG,43.0,18.0,275.0,In Stock,2024-01-06 07:49:41
dcd6e25a-c33b-4c95-af51-a679b69f02d5,1712415f-0d73-4be1-98af-359787cb5eb9,Bashful Black & Cream Puppy,MEDIUM,12.0,5.0,28.0,In Stock,2024-01-06 07:49:41
f0e9fbf9-487f-470b-94c6-59e653e6f0a5,1712415f-0d73-4be1-98af-359787cb5eb9,Bashful Black & Cream Puppy,SMALL,7.0,4.0,18.0,In Stock,2024-01-06 07:49:41
91519ae3-fb3a-47cb-b932-62cc41de485b,9ba07564-3e9a-40ca-abb5-ff0a478e9201,Bashful Blue Bunny,HUGE,20.0,8.0,67.5,Out of stock,2024-01-06 07:49:44
f136fc32-903e-408e-a35e-66d2d68e2bec,9ba07564-3e9a-40ca-abb5-ff0a478e9201,Bashful Blue Bunny,MEDIUM,12.0,5.0,28.0,In Stock,2024-01-06 07:49:44
dc4aa77f-fad5-4d24-9055-4968885d08ea,9ba07564-3e9a-40ca-abb5-ff0a478e9201,Bashful Blue Bunny,TINY,5.0,2.0,10.0,Out of stock,2024-01-06 07:49:44
128488ba-b3e2-440a-9de2-098af5e85ab0,482bb7a1-c12e-4052-b2e1-d9da1710d201,Bashful Pink Bunny,HUGE,20.0,8.0,67.5,Out of stock,2024-01-06 07:49:50
93b92409-5aa1-46c3-8e77-f2fedce907db,482bb7a1-c12e-4052-b2e1-d9da1710d201,Bashful Pink Bunny,LARGE,14.0,6.0,43.0,Out of stock,2024-01-06 07:49:50
173f45c0-4d25-49d0-bab9-4fb8bc523b78,482bb7a1-c12e-4052-b2e1-d9da1710d201,Bashful Pink Bunny,MEDIUM,12.0,5.0,28.0,In Stock,2024-01-06 07:49:50
0f93a1d0-be5c-4061-bb26-bb7f322d1e08,482bb7a1-c12e-4052-b2e1-d9da1710d201,Bashful Pink Bunny,TINY,5.0,2.0,10.0,Out of stock,2024-01-06 07:49:50
41c5789f-bc58-440a-a737-6afe7bd50925,24c8b167-8453-40bf-b08c-cce79522ef6a,Fuddlewuddle Puppy,MEDIUM,9.0,5.0,30.0,In Stock,2024-01-06 07:49:52
1c75c6c0-7e3a-49fa-b14f-3d6342448bc5,b88e45d5-7d02-47c0-9a8c-3071e23c6add,Bashful Black & Cream Puppy with Personalised Cream Jumper,MEDIUM,12.0,5.0,38.0,In Stock,2024-01-06 07:49:53
56159e5f-d82d-4d09-9fa7-54395e866bbb,57bf24b1-715a-4b53-b902-9ff9327590e4,Bashful Blue Bunny with Personalised Cream Jumper,MEDIUM,12.0,5.0,38.0,In Stock,2024-01-06 07:49:55
cd1cb0e5-0691-4c94-b551-fdf4f5f7d35a,277badec-3e34-4afb-8d35-3a5883d90c0e,Bashful Pink Bunny with Personalised Cream Jumper,MEDIUM,12.0,5.0,38.0,In Stock,2024-01-06 07:49:57
b6232c92-223a-4ab6-ad6e-80af0aa70a77,66dfd7d2-4100-4daa-b9b8-73df806accd9,Bashful Black & Cream Puppy with Personalised Navy Jumper,MEDIUM,12.0,5.0,38.0,In Stock,2024-01-06 07:49:59
e389d3b9-9d77-463e-8f59-067b363fcde7,cdd67b85-6620-4636-a89a-7d126369a3d4,Bashful Blue Bunny with Personalised Navy Jumper,MEDIUM,12.0,5.0,38.0,In Stock,2024-01-06 07:50:00
e7e98b7d-8341-46ac-9ac6-3905dedb7771,59dcbc28-a233-4076-a0e0-8d1c42be9af1,Bashful Pink Bunny with Personalised Navy Jumper,MEDIUM,12.0,5.0,38.0,In Stock,2024-01-06 07:50:02
e5dd79b3-c1ae-4813-8ec7-3e30ea244c51,69508085-e8ab-4c3d-84bd-ad228d796aae,Little Pup Bag Charm,ONE SIZE,7.0,2.0,25.0,More on the way,2024-01-06 07:50:03
679092e5-d41d-4b92-b9b2-650bc28107fb,2c7c919e-98c0-4544-b731-d4ffc427f33c,Bashful Black & Cream Puppy with Personalised Red Jumper,MEDIUM,12.0,5.0,38.0,In Stock,2024-01-06 07:50:05
545b99ba-5fd2-47ef-bd86-77dd34821bb4,8607446c-f161-4844-a330-549e7d372402,Bashful Blue Bunny with Personalised Red Jumper,MEDIUM,12.0,5.0,38.0,In Stock,2024-01-06 07:50:07
3184f461-e3de-4452-95d9-29075032e6a7,36f8f9d5-a918-4dd8-8f22-59a1850b39d6,Bashful Pink Bunny with Personalised Red Jumper,MEDIUM,12.0,5.0,38.0,In Stock,2024-01-06 07:50:09
7389850c-2c8f-4332-94c3-61663c184b42,d3d5ad88-3a38-4a20-8648-6697b101f82e,Personalised Bashful Blue Bunny Medium,MEDIUM,12.0,5.0,34.0,In Stock,2024-01-06 07:50:10
086375e6-d607-41c6-afad-d88e4bed23ff,239c2123-02ef-422a-80d4-4e49f1a0d2ff,Bashful Pink Bunny Rattle,SMALL,7.0,4.0,15.0,In Stock,2024-01-06 07:50:12
be7d00d9-4294-430d-9988-fe56395ebd08,ec7cf4e8-26c3-4967-b917-0df1daa89187,Bashful Pink Bunny Soother,ONE SIZE,13.0,13.0,25.0,In Stock,2024-01-06 07:50:14
76b8dd95-8871-4d3c-946e-21fb864c9472,454f45dc-cacb-478d-9383-0ca45e57dacb,Personalised Bashful Cream Bunny Huge,HUGE,20.0,8.0,86.0,In Stock,2024-01-06 07:50:15
409c0c65-4d36-466c-aae9-0bc44be8e08e,327cd081-dfe5-4af8-adda-ca9803064515,Edward Bear,MEDIUM,13.0,6.0,30.0,In Stock,2024-01-06 07:50:17
6a8f3798-2a37-4d92-903e-b8757deb651c,327cd081-dfe5-4af8-adda-ca9803064515,Edward Bear,SMALL,10.0,5.0,23.0,Out of stock,2024-01-06 07:50:17
c08868a5-b664-4e87-9d6f-af30088204e1,432fcf00-406c-4353-9522-e44284c68453,Personalised Bashful Beige Bunny Huge,HUGE,20.0,8.0,86.0,In Stock,2024-01-06 07:50:19
976bf3e8-d739-402e-b764-e2461a3c818d,ec1eb667-acbb-4102-9386-1849e9fe3198,Bashful Beige Bunny,VERY BIG,43.0,18.0,275.0,In Stock,2024-01-06 07:50:25
178a3611-5991-4c3c-9506-fed984bf1262,ec1eb667-acbb-4102-9386-1849e9fe3198,Bashful Beige Bunny,REALLY BIG,26.0,12.0,125.0,In Stock,2024-01-06 07:50:25
40c82526-9ba0-46fe-a33f-2e20ecc11262,ec1eb667-acbb-4102-9386-1849e9fe3198,Bashful Beige Bunny,HUGE,20.0,8.0,80.0,In Stock,2024-01-06 07:50:25
f24bdc63-8b74-4a7b-aee1-6e326cb343fd,ec1eb667-acbb-4102-9386-1849e9fe3198,Bashful Beige Bunny,LARGE,14.0,6.0,43.0,In Stock,2024-01-06 07:50:25
2e4d2160-0aab-47da-91c5-396149779123,ec1eb667-acbb-4102-9386-1849e9fe3198,Bashful Beige Bunny,MEDIUM,12.0,5.0,28.0,Out of stock,2024-01-06 07:50:25
b23e220c-2043-4b63-bcbc-e9fc79a988ed,ec1eb667-acbb-4102-9386-1849e9fe3198,Bashful Beige Bunny,SMALL,7.0,4.0,18.0,In Stock,2024-01-06 07:50:25
56bc25db-8a84-481f-afa0-ed58579bc612,ec1eb667-acbb-4102-9386-1849e9fe3198,Bashful Beige Bunny,TINY,5.0,2.0,14.0,In Stock,2024-01-06 07:50:25
4d9a08f2-769b-4b81-9e63-38d9307d376f,7dfc04fd-c285-4c9c-90e8-4823addbdebc,Bashful Cream Bunny,VERY BIG,43.0,18.0,275.0,Returning to stock 2-3 months,2024-01-06 07:50:31
6da1a048-18c3-47e2-9b8c-276f3b5dafb1,7dfc04fd-c285-4c9c-90e8-4823addbdebc,Bashful Cream Bunny,REALLY BIG,26.0,11.0,125.0,In Stock,2024-01-06 07:50:31
eba60b97-a2b6-44a4-9c2d-399fcdf18141,7dfc04fd-c285-4c9c-90e8-4823addbdebc,Bashful Cream Bunny,HUGE,20.0,8.0,80.0,In Stock,2024-01-06 07:50:31
ba36d0a1-d09a-4daf-8b83-f98a742af299,7dfc04fd-c285-4c9c-90e8-4823addbdebc,Bashful Cream Bunny,LARGE,14.0,6.0,43.0,In Stock,2024-01-06 07:50:31
52fb0d6a-a97b-4433-ad7b-deb9ffad0842,7dfc04fd-c285-4c9c-90e8-4823addbdebc,Bashful Cream Bunny,MEDIUM,12.0,5.0,28.0,Returning to stock 2-3 months,2024-01-06 07:50:31
796ac4a8-eb12-4b96-9b10-cfd2c6d4518f,7dfc04fd-c285-4c9c-90e8-4823addbdebc,Bashful Cream Bunny,SMALL,7.0,4.0,18.0,In Stock,2024-01-06 07:50:31
b8dec68f-d385-433d-98e7-20d1583f91a0,7dfc04fd-c285-4c9c-90e8-4823addbdebc,Bashful Cream Bunny,TINY,5.0,2.0,14.0,Out of stock,2024-01-06 07:50:31
d590e976-b643-479f-ba41-5a4321e3e4db,08f76c86-86c1-4c8e-a0a8-9eb18c215fea,Personalised Rose Dragon Huge,HUGE,7.0,26.0,126.0,In Stock,2024-01-06 07:50:35
2f2962a2-572c-4c4c-a121-db05073ef229,f6c05c7e-f048-4e6b-86c7-a6a68d9c9c75,Personalised Bashful Pink Bunny Soother,ONE SIZE,13.0,13.0,31.0,In Stock,2024-01-06 07:50:37
6fc7e343-69d3-415a-b22d-5870bfd4f9ca,47145447-60f0-4e95-b93c-4bac61f1cf2f,Rory Le Courageux Petit Lion & Fuddlewuddle Lion,MEDIUM,,,45.0,In Stock,2024-01-06 07:50:38
f6061efa-c16a-4e79-b192-53178268f201,0ad4dda8-12d9-4833-9010-c4ff0c1bdf48,All Kinds of Cats Book and Jellycat Jack,MEDIUM,,,60.0,In Stock,2024-01-06 07:50:40
8258b971-c726-4fe0-8959-dca95acecedd,e375c4ab-225d-4ae2-806b-7ee853ea657b,Lottie Fairy Bunny Book and Lottie Bunny Fairy,ONE SIZE,,,47.5,In Stock,2024-01-06 07:50:42
a0918310-32dd-4b98-89a3-38a25bd5e819,f7500975-3c52-4e28-b7d9-9cdfdf496829,Lapin Timide Veille Sur Tes Nuits & Bashful Cottontail Bunny,MEDIUM,,,43.0,In Stock,2024-01-06 07:50:43
da814c75-405a-465b-b424-e6440d723a69,6d5f2d4c-d3f5-443d-90bf-f3e8edde8fca,Merry Mouse Book and Merry Mouse,ONE SIZE,,,42.5,In Stock,2024-01-06 07:50:45
17ab5a78-4809-437d-8d92-f15c877295ef,4544a20c-6a79-4aa3-9ba7-6f026a89e2ff,Lapin Timide Veut Grandir & Bashful Cream Bunny,MEDIUM,,,43.0,In Stock,2024-01-06 07:50:47
f28dde8e-ea1e-4643-aea6-e83a3850d9df,d071f3f9-f684-4a5a-b7be-abd807eb724d,Festival Dragon,ONE SIZE,4.0,17.0,55.0,Returning to stock next week,2024-01-06 07:50:48
d93cb106-1067-4fd6-be03-4d91d2d51140,8818d9b7-320c-4f35-897d-6a912482f7e3,Archie Dinosaur,ONE SIZE,9.0,6.0,35.0,More on the way,2024-01-06 07:50:50
7e288d1c-2c22-4535-8522-2aef0f65e223,45b09a79-52ee-45b2-ae91-ddd07c0e5223,Bashful Grey Kitty,MEDIUM,12.0,5.0,28.0,More on the way,2024-01-06 07:50:51
669983b1-fbed-414a-903b-08c79972af34,a540455c-7eda-4b28-97f0-9d3e88068491,If I Were a Bunny Board Book,ONE SIZE,6.0,6.0,13.5,Returning to stock 2-3 months,2024-01-06 07:50:54
d69ae6b6-20ae-45c1-83e2-052361257c46,81ff5145-2acd-462d-b197-78ca4c435877,Blossom Beige Bunny Bag Charm,ONE SIZE,7.0,2.0,23.0,More on the way,2024-01-06 07:50:56
f9ebabc1-7070-4197-a345-c773033504a6,e9ec16b1-7a5d-4034-b7b9-527fdf809ff8,Blossom Blush Bunny Bag Charm,ONE SIZE,7.0,2.0,23.0,More on the way,2024-01-06 07:50:57
14294a13-6975-4475-a3e3-71ee53df99d0,20d0a163-2a9e-4f6f-a050-5f0fc501f00b,Blossom Jasmine Bunny Bag Charm,ONE SIZE,7.0,2.0,23.0,More on the way,2024-01-06 07:50:59
22c76c49-8b8a-4a2f-aaab-eabb5a052197,3aa745f6-1068-4ae4-a45c-ad78dbd6ddca,Backpack Panda,ONE SIZE,9.0,4.0,30.0,More on the way,2024-01-06 07:51:00
36796997-6ef2-412e-95fe-e2f06644b091,1cda9a04-b098-4a05-8d52-c6efe1d3b8bf,Caboodle Puppy,ONE SIZE,4.0,4.0,20.0,More on the way,2024-01-06 07:51:02
5455cfa1-709e-487d-bd9b-7ce8cd58421e,4293a418-a84e-48d1-a72b-8de7b4c5f5fb,Carissa Persian Cat,ONE SIZE,10.0,10.0,45.0,Returning to stock 2-3 months,2024-01-06 07:51:04
ad391f79-009e-468d-beea-3550aadce082,eb64980e-058e-4f8f-88db-7aa2f9be54bd,Clyde Capybara,ONE SIZE,8.0,9.0,43.0,Out of stock,2024-01-06 07:51:05
a36c22d9-fd08-45dc-b740-c64d77cb1adc,bfcd2410-616c-4d6a-96f7-3c27666ee0c8,Dara Giraffe,ONE SIZE,22.0,7.0,75.0,More on the way,2024-01-06 07:51:07
2e43c794-10c7-48bc-9065-29ab3f5f96ac,89ce66fa-7091-4e9c-8191-fe40bc522a3b,Dario Donkey,ONE SIZE,14.0,7.0,60.0,More on the way,2024-01-06 07:51:09
aff55ace-5150-43c0-8472-4949ed098bd0,aa2c8583-29d8-4459-a2f7-6fc30b568200,Fuddlewuddle Ginger Cat,MEDIUM,9.0,5.0,30.0,More on the way,2024-01-06 07:51:10
b5b5d99b-811a-4943-a824-fe4d6b760c36,6d2be732-416c-4e44-8db4-fc72c9598a08,Gordy Guinea Pig,ONE SIZE,8.0,6.0,30.0,More on the way,2024-01-06 07:51:12
66443a25-e785-4978-aeba-84e7076a8814,397449bf-0778-4b28-bf6a-be061396d4e7,Huddles Kangaroo,ONE SIZE,10.0,6.0,45.0,Returning to stock 2-3 months,2024-01-06 07:51:13
f9ad457b-b018-4b5e-9945-6f7e7ca6cd69,cf5f947f-9fb1-4929-8046-66d069257d70,Iris Siamese Cat,ONE SIZE,11.0,5.0,33.0,More on the way,2024-01-06 07:51:15
7f5dcb75-2b98-4972-9c8f-c0e2802b9b8c,95f6e21e-4510-43f6-b5b4-cdf3e7a740c7,Little Goat,ONE SIZE,7.0,4.0,22.0,More on the way,2024-01-06 07:51:16
250087a5-4571-4ca5-898b-ffebfa04aa1b,977f5566-099b-4965-922f-aa3c209a01b2,Little Pig Bag,ONE SIZE,7.0,7.0,40.0,Returning to stock 2-3 months,2024-01-06 07:51:18
ceb36f00-1ce2-4715-b115-7fc734d76d38,45443645-cd13-4958-b72a-083cddd30e87,Randall Basset Hound,ONE SIZE,9.0,13.0,35.0,More on the way,2024-01-06 07:51:19
a5f9999c-0c74-4a1a-bdbf-6b6b130bbf17,be4727cc-3b0b-4500-9511-c245277b8715,Richie Dromedary,ONE SIZE,11.0,17.0,60.0,More on the way,2024-01-06 07:51:21
87f5a622-b055-4bd3-9c84-f762f7054033,dc2e807a-c43f-4b09-8e78-4dab0f6f5521,Tilly Golden Retriever,ONE SIZE,11.0,6.0,35.0,More on the way,2024-01-06 07:51:23
7672f61b-367d-47ab-96db-a2c77a5abecd,f531638f-cd53-484a-8419-c13d128c70bf,Wanderlust Elly,ONE SIZE,7.0,14.0,100.0,More on the way,2024-01-06 07:51:24
0e1bcf1e-4667-444e-9557-dacd41b07a45,920c3b16-2292-4799-b1f3-8f62449312de,Yummy Puppy,ONE SIZE,6.0,3.0,20.0,Returning to stock 2-3 months,2024-01-06 07:51:26
b2da0ef2-5e74-4395-9162-91b8327df8cf,a051bc4d-2cdc-4940-a041-27728b5debd1,Dainty Dessert Bunny Cupcake,ONE SIZE,6.0,4.0,28.0,Returning to stock 2-3 months,2024-01-06 07:51:28
453b67ed-05c4-4f18-a5af-0101bc5e08bd,25d2d908-6ae6-4477-8d9b-148fe39d36fc,Fluffy Duck,ONE SIZE,4.0,2.0,15.0,Returning to stock 2-3 months,2024-01-06 07:51:30
e45de76d-79d3-4749-960d-068f9d9faf72,620419d9-639c-469f-b51e-c8aabe1d4fc6,Finnegan Frog,ONE SIZE,9.0,3.0,20.0,More on the way,2024-01-06 07:51:31
4252a96c-831e-4fe9-aaa0-9de0c42ade7f,a6543d34-14c1-485a-9594-7324726ea13f,Honeyhome Bee,ONE SIZE,7.0,7.0,35.0,More on the way,2024-01-06 07:51:33
db1e52e4-f649-4f44-a24c-c057d6825774,719d151d-3fe6-47c3-82a6-e19a5b658434,Smudge Rabbit Big,BIG,6.0,17.0,75.0,More on the way,2024-01-06 07:51:35
fa85371d-ead7-469d-bf08-cdf006bda9f2,36d674ff-937a-4fe8-8222-4657b639efd9,Bartholomew Bear Bag,ONE SIZE,6.0,7.0,38.0,Returning to stock 3-4 weeks,2024-01-06 07:51:36
018eba43-796e-4f7e-b1b7-fc0f73f00f9f,adb4e9c3-e25b-4ff9-910d-f45e9ae748a7,Bashful Bunny Cream Bag Charm,ONE SIZE,7.0,2.0,19.0,Out of stock,2024-01-06 07:51:38
008639a1-3261-4c02-9562-f933d87a1947,60c6725f-b92d-4868-86e2-e2bd79df3435,Bashful Bunny Truffle Bag Charm,ONE SIZE,7.0,2.0,19.0,More on the way,2024-01-06 07:51:40
a977cadb-13f0-4a6b-b341-c38f8efed215,87f76802-e94e-4ccf-9897-56f21cda9315,Bashful Bunny Inky Bag Charm,ONE SIZE,7.0,2.0,19.0,More on the way,2024-01-06 07:51:41
66fdaf0c-9535-492a-b351-a10df5439c6a,bdc55516-7d78-4383-802f-ac253fc6cf75,Kitten Tails Activity Book,ONE SIZE,9.0,5.0,18.5,More on the way,2024-01-06 07:51:42
309558cf-4e63-4e73-b1e4-b02cec90750a,fc9b8685-31cd-49fa-b62c-a9d4c1c10103,When I Am Sleepy Book,ONE SIZE,8.0,8.0,15.0,Returning to stock 3-4 weeks,2024-01-06 07:51:44
3a6f5b29-d000-48f5-b2e1-274f770c4e7d,819a0c9e-dc39-4e8e-9654-544c814e2d71,Backpack Puppy,ONE SIZE,9.0,4.0,30.0,More on the way,2024-01-06 07:51:46
f9613e78-5ad4-4b78-be71-0e75024506da,48c06852-e1d0-4691-8e0d-f8242919e97d,Caractacus Chameleon,ONE SIZE,15.0,7.0,65.0,More on the way,2024-01-06 07:51:47
859fe02d-96aa-43ef-a8eb-0cc0b703545b,52f749d5-7d7e-4d3c-a51c-8ec533beb919,Cauldron Cuties,ONE SIZE,6.0,5.0,35.0,More on the way,2024-01-06 07:51:49
d9ee0fae-674c-4fc6-bcbe-ad455972c06f,0ad993e1-96e7-4ac6-aaf5-8f9ca66ebc6c,Coquette Cutie Cat,ONE SIZE,10.0,2.0,32.5,More on the way,2024-01-06 07:51:50
cb977d3b-6a12-4576-a23d-4343f0ce7cc7,9f097c0f-cb3b-4cf3-ae18-5129bb4a57d7,Daphne Pomeranian,ONE SIZE,9.0,8.0,33.0,More on the way,2024-01-06 07:51:52
81693168-b1a1-454e-ae47-eff80def0fee,1e1b36e9-60d5-43ce-8fe0-f49095ee15d0,Floofie St Bernard,ONE SIZE,7.0,16.0,80.0,More on the way,2024-01-06 07:51:54
977b6a7f-0a3b-4104-ab83-b58833187edf,06ff0718-c85e-46ea-82ea-9be8f6914d05,Freya Pony,ONE SIZE,13.0,13.0,65.0,More on the way,2024-01-06 07:51:55
229e3c32-09aa-4545-a2a9-89188de207bb,00e475a0-17c4-4336-a005-329959f956ff,Georgiana Poodle,ONE SIZE,9.0,5.0,33.0,More on the way,2024-01-06 07:51:58
d69cad38-ba5f-4cce-aee6-db8afbd02fc2,f299e2ca-2746-4337-92d1-b72be9255e60,Jackson Husky,ONE SIZE,10.0,6.0,35.0,More on the way,2024-01-06 07:52:00
d38f05d9-18a0-4fda-827a-c44425574790,f2008763-963f-45ad-975c-c0e85b705090,Kitten Caboodle Grey,ONE SIZE,4.0,4.0,20.0,Returning to stock 2-3 months,2024-01-06 07:52:01
45c4cba7-c98b-4398-97d8-55859e289570,8d8e0001-1f5b-405e-89e7-c51fcd500b8f,Little Snake,ONE SIZE,6.0,8.0,22.0,Returning to stock 2-3 months,2024-01-06 07:52:03
e4c3b3f0-695c-4432-8a9c-47c7eeb30583,f5d7b2b7-d94b-47d3-9843-2ac0db308c4f,Munro Scottie Dog Bag Charm,ONE SIZE,4.0,2.0,23.0,Returning to stock 2-3 months,2024-01-06 07:52:04
3d6ac8ae-532e-4143-8f44-77bad27bc74d,8611a752-52a7-4c3b-879e-3e1067dc2120,Munro Scottie Dog Bag,ONE SIZE,9.0,5.0,40.0,Returning to stock in 1-2 days,2024-01-06 07:52:06
a6a25e90-f2b2-4c3b-b058-36bfe3fe5167,f52f2a91-5cc4-463a-b49e-ea133ad48784,Myrtle Hippopotamus,ONE SIZE,15.0,6.0,45.0,More on the way,2024-01-06 07:52:07
138d43a3-0571-4b7c-9a8d-1b81f19c562e,b1a039da-55c4-4821-a41a-61ec98eb1463,Nessie Nessa,ONE SIZE,9.0,14.0,30.0,Out of stock,2024-01-06 07:52:09
94311a29-7818-4efb-af19-0db79f89651b,510c5d53-b1e9-4ef5-bcb2-c03178e3be83,Ooky Bat,ONE SIZE,6.0,2.0,20.0,More on the way,2024-01-06 07:52:10
c3e24914-16fb-4cfe-951c-36645ecc5642,a68fbbc3-a2e8-4b13-8d4b-fb4644918996,Otto Sausage Dog Bag,ONE SIZE,6.0,9.0,40.0,Returning to stock 3-4 weeks,2024-01-06 07:52:12
57d1f2f2-b023-4a0d-8ef1-ba6a27a76a3e,f3708087-c8cb-4165-a699-45decc4e102a,Ricky Rain Frog Bag Charm,ONE SIZE,3.0,3.0,23.0,Returning to stock 3-4 weeks,2024-01-06 07:52:14
7850ea44-1ea1-446b-af06-436951e1e01d,cbd37737-c86a-4fe9-ab94-3e2906b84340,Yummy Bear,ONE SIZE,6.0,3.0,20.0,More on the way,2024-01-06 07:52:15
9d2c651f-13b7-470c-a7f2-a2fe9966e953,1b6b80d8-be51-4ad9-a71d-580652d258db,Birdling Seagull,ONE SIZE,4.0,3.0,17.0,More on the way,2024-01-06 07:52:17
a8c090ee-f939-44b5-86e8-317ace32b680,263d9dc1-39d8-4075-b331-4d552487f0c4,Little Reindeer,ONE SIZE,7.0,4.0,20.0,More on the way,2024-01-06 07:52:18
f8fd8c00-1ba9-4c96-92f2-704f54327364,764af779-7c81-4753-96c3-1400ba85c591,Merry Mouse Sleighing,ONE SIZE,7.0,4.0,42.5,Out of stock,2024-01-06 07:52:20
b27d44be-5594-4c67-9f48-990baa220249,f48dd2b2-e84c-4cc9-b718-f3f4eaab7caa,Nesting Penguins,ONE SIZE,4.0,5.0,35.0,More on the way,2024-01-06 07:52:21
267e488c-d258-49e5-a7ea-90104bf26ccf,394be6d7-adf7-4663-93ed-8ba69e82c631,Ronnie Rockhopper Penguin,ONE SIZE,10.0,4.0,25.0,More on the way,2024-01-06 07:52:24
dad5d1d9-1d53-48ce-9f63-472c001e8215,dcbed15d-48ad-4fa8-82d7-05f3d4c22013,Wee Reindeer,ONE SIZE,5.0,3.0,17.5,Out of stock,2024-01-06 07:52:25
312820d5-0f08-44a0-b529-b1c76b7cbe5c,47359794-7e2e-4e74-a2a3-d659d6b5982d,Bartholomew Bear Bag Charm,ONE SIZE,5.0,2.0,23.0,Out of stock,2024-01-06 07:52:27
12e70689-ca4d-4739-a915-eab633062721,ef373cc7-fd75-4098-b47b-9a29c0bb4a5f,Blowzy Belle Cat,ONE SIZE,17.0,4.0,37.5,More on the way,2024-01-06 07:52:28
b3b6b81c-1d0d-45e4-ad28-af55dd23a267,150cc060-2e0b-49d2-8196-f34429dba65a,Fuzzkin Lamb,ONE SIZE,9.0,4.0,25.0,More on the way,2024-01-06 07:52:30
114299ca-90dd-49bc-8a39-ebeb4a489c5b,4fcfc778-50d5-4bf0-833a-189207c87b5d,Herbie Highland Cow,ONE SIZE,10.0,6.0,35.0,More on the way,2024-01-06 07:52:31
73e1f8cf-54fa-495c-822a-5abc0d1db2ee,f12e6054-a96d-454e-a572-3952a4dd64bd,Little Monkey,ONE SIZE,7.0,4.0,22.0,More on the way,2024-01-06 07:52:33
9fe70967-56da-4e69-aa24-89cc6d48d53c,bb77d5f6-f301-4efb-9964-0f1b63accb39,Little Mouse,ONE SIZE,7.0,4.0,22.0,More on the way,2024-01-06 07:52:35
364dc81f-0b38-43b9-8bab-be38db48dbdf,538dafcf-fe45-4cd8-b6d3-87fa7fffba15,Personalised Bashful Luxe Bunny Rosa Huge,HUGE,20.0,8.0,91.0,More on the way,2024-01-06 07:52:37
c24cedf2-3043-4b61-9ce8-f82b7290f889,9efd52a8-ff4d-4533-9204-723c10f35005,Sweetsicle Elephant,ONE SIZE,6.0,3.0,20.0,More on the way,2024-01-06 07:52:38
f21ba133-4717-48f6-8fe8-615384990ca8,9613990d-a28d-49a5-9f19-b403241eed87,Tumblie Elephant,ONE SIZE,5.0,14.0,30.0,Returning to stock 2-3 months,2024-01-06 07:52:40
19ca6270-834c-46c5-9b5c-693644f65c6a,cc7c1679-0a17-4c53-932d-5b050acf6381,Wavelly Whale Blue,ONE SIZE,2.0,6.0,15.0,More on the way,2024-01-06 07:52:41
b7d51999-b4b5-4114-b2ea-9373fdd21919,b8984be7-b5cf-4c96-b24e-f4d8a8660195,Wavelly Whale Grey,ONE SIZE,3.0,5.0,15.0,Returning to stock 2-3 months,2024-01-06 07:52:43
f6f28004-2fa4-4f63-bd2a-bd904465399e,95d75c32-a6ec-46b2-a709-aad014e8aaaf,Lottie The Ballet Bunny Book,ONE SIZE,7.0,7.0,15.0,Returning to stock 3-4 weeks,2024-01-06 07:52:45
09024c9b-0048-4095-aeb9-2edf3ab7994c,6a821942-1537-453c-a66c-a813d3c748ef,Sandy Snail,ONE SIZE,5.0,3.0,27.0,Returning to stock 2-3 months,2024-01-06 07:52:46
14258f47-a6bf-40c8-9da0-3b4bf2044b05,cd794d2c-3cc6-4097-9dff-835e4ebaa5fb,Yummy Duckling,ONE SIZE,6.0,4.0,20.0,More on the way,2024-01-06 07:52:48
3de8a4b7-4234-4a08-b58c-bf61e643c4da,4a945357-aa20-4adb-a584-70418025c219,Yummy Lamb,ONE SIZE,6.0,4.0,20.0,More on the way,2024-01-06 07:52:49
1a4f53fe-2cb4-408c-9a15-34503d1801ef,db0308f4-0107-4ad2-a20e-53b78a6f25ec,Amore Dog,ONE SIZE,10.0,7.0,40.0,More on the way,2024-01-06 07:52:51
45f3aec9-db3f-4d12-acdd-afe4eb67b8d5,21b03647-3e01-4b6e-9905-37e2c6859610,Ambrosie Squirrel,ONE SIZE,9.0,4.0,35.0,More on the way,2024-01-06 07:52:52
42d7f876-e2bf-4aee-bde5-e7f664d69d55,6e5750bb-a9e5-4e37-9e98-905e6c62d8c5,Archibald Elephant,MEDIUM,10.0,5.0,28.0,Returning to stock 2-3 months,2024-01-06 07:52:54
c3ab85bb-56a9-424c-b68e-b2d39b64428c,c440f4e1-fd20-43c4-b9e0-8d0c260ac4f3,Barnabus Pig,HUGE,17.0,7.0,55.0,Out of stock,2024-01-06 07:52:56
13e6b1a9-25d7-4e9b-9713-8e903695b822,c440f4e1-fd20-43c4-b9e0-8d0c260ac4f3,Barnabus Pig,MEDIUM,10.0,5.0,28.0,Returning to stock 2-3 months,2024-01-06 07:52:56
3a6327d4-9dee-4aea-ae4f-0ce555cc9a9d,f54f9d99-3232-4dad-9729-e036da11513c,Bashful Koala,MEDIUM,11.0,5.0,28.0,More on the way,2024-01-06 07:52:57
7628d3ee-bd92-4d07-b1bb-6321552778c9,3db26d31-b0bd-437a-a482-cb7a17f5921f,Backpack Unicorn,ONE SIZE,9.0,4.0,30.0,More on the way,2024-01-06 07:52:59
32bf409f-98cb-4c7b-b83c-8f86193c4d77,60327392-0ff3-4ebe-a694-0ec95a9443e6,Floofie Sheepdog,ONE SIZE,10.0,16.0,80.0,More on the way,2024-01-06 07:53:01
24501034-4e47-43f7-ae23-3aec09ebd814,b039375f-6e91-4971-b21d-b2002f966795,Magnus Manatee,ONE SIZE,6.0,14.0,50.0,More on the way,2024-01-06 07:53:02
9c96395c-eb02-4a5c-b4c6-5d259186e81c,840e3d13-9a0b-4aaa-b28a-e332de9de085,Napping Nipper Cat,ONE SIZE,4.0,6.0,25.0,More on the way,2024-01-06 07:53:04
2aa3f40e-5567-4d76-941c-5883c5af9605,79358fbf-cd9e-455b-9355-375ee19ee1ad,Otto Sausage Dog,HUGE,11.0,13.0,75.0,Out of stock,2024-01-06 07:53:06
d2107326-3986-428e-a031-e59640bc611c,79358fbf-cd9e-455b-9355-375ee19ee1ad,Otto Sausage Dog,LARGE,7.0,7.0,30.0,More on the way,2024-01-06 07:53:06
3e52e8b9-893e-4a2b-adfe-74fda89c67b8,79358fbf-cd9e-455b-9355-375ee19ee1ad,Otto Sausage Dog,SMALL,5.0,7.0,22.0,More on the way,2024-01-06 07:53:06
3ad2098d-8af5-48d8-81ee-796e8b42b4ee,5cb227f6-593a-419a-8b34-a46dc61b1fa8,Hibernating Penguin,ONE SIZE,5.0,5.0,22.0,More on the way,2024-01-06 07:53:08
fd0ee8fa-732f-42a4-a5dc-56754d81d533,a91e0e82-1d04-4ba9-865a-e677400d521a,Little Penguin,ONE SIZE,7.0,3.0,22.0,More on the way,2024-01-06 07:53:09
4cc098f5-7925-4a93-8a81-537e4b4780ec,16ce17e3-a618-41b5-b89c-82f45f993213,Merry Mouse Candy Cane,ONE SIZE,7.0,4.0,27.5,More on the way,2024-01-06 07:53:11
0cfadb2f-64da-45ba-a9f2-4d0f0a63d186,cac6b1e1-5221-480c-9b8e-a5c70e237cde,Mitzi Reindeer,LARGE,14.0,4.0,50.0,More on the way,2024-01-06 07:53:12
5b0f508e-5852-4e81-a568-8804b7b4f88e,cac6b1e1-5221-480c-9b8e-a5c70e237cde,Mitzi Reindeer,MEDIUM,10.0,3.0,32.5,More on the way,2024-01-06 07:53:12
d48e1c87-2c2c-448a-acf4-677ba6e5bcb2,3c1edd81-f5ba-471e-80d7-3760243c0cd6,Bashful Black Kitten,MEDIUM,12.0,5.0,28.0,More on the way,2024-01-06 07:53:14
f0ed7793-ffaa-475a-8b8a-84f77de622eb,daf26085-382b-4c05-becc-bf55de7c9e34,Bashful Snow Tiger,REALLY BIG,26.0,12.0,125.0,Out of stock,2024-01-06 07:53:16
e1987537-ef50-40df-bfb1-8923c7c83d8f,daf26085-382b-4c05-becc-bf55de7c9e34,Bashful Snow Tiger,HUGE,20.0,8.0,80.0,Out of stock,2024-01-06 07:53:16
342ef529-0815-48ac-b106-a701a1660f90,daf26085-382b-4c05-becc-bf55de7c9e34,Bashful Snow Tiger,MEDIUM,12.0,5.0,28.0,Returning to stock 3-4 weeks,2024-01-06 07:53:16
9aa41349-a601-4a82-9c52-b0973d0f5da9,c1424608-a6cb-4065-aadc-c6d234de94a8,Birdling Blue Jay,ONE SIZE,4.0,3.0,17.0,More on the way,2024-01-06 07:53:18
ee8303b7-8d1e-4f45-8a90-1d107422ec25,c607fa82-aeac-463e-a8a0-3bed79a9128a,Birdling Mallard,ONE SIZE,4.0,3.0,17.0,More on the way,2024-01-06 07:53:19
1bb06dfc-49f8-466b-b5aa-327e2263ade9,ba74fead-fc62-4d55-825b-02b93abc1621,Birdling Pigeon,ONE SIZE,4.0,3.0,17.0,More on the way,2024-01-06 07:53:21
e23f5435-14e0-48a5-b671-640b985f61f6,442361d6-6e9b-4990-986d-181902d4f4f5,My Dad and Me Book,ONE SIZE,8.0,8.0,15.0,Returning to stock 3-4 weeks,2024-01-06 07:53:22
42e04959-072a-457e-8685-0bc88958b1c9,0e3b1967-df0f-42e5-9aa0-4c5d1ff49873,Backpack Elephant,ONE SIZE,9.0,4.0,30.0,More on the way,2024-01-06 07:53:24
d5c6e9ab-61fc-405d-8d92-9543ebba87b0,2e5ebc76-ba1d-4491-8f17-7246241ee737,Bruce Bush Baby,ONE SIZE,7.0,5.0,27.5,More on the way,2024-01-06 07:53:25
a3e50c1c-c2a0-455d-8a7f-88b8d2d6ae64,f1c8a9d8-b07e-4b0a-b6fa-9c34efc736bb,Curvie Sheep Dog,ONE SIZE,9.0,6.0,33.0,More on the way,2024-01-06 07:53:27
e78066dc-040a-4802-b550-eaaafff258dc,858bb94f-c35e-45a9-9d53-3b2bf8d75be8,Flumpie Frog,ONE SIZE,7.0,5.0,28.0,More on the way,2024-01-06 07:53:29
a6a4a27a-f602-4083-99e6-5d5c7a90605b,f7c8ffc8-afd9-461a-a83b-7bc0fe77bf3e,Huggady Panda,LARGE,13.0,7.0,67.5,Out of stock,2024-01-06 07:53:31
7bc4102c-8312-463a-9384-17b87b0ca0f7,f7c8ffc8-afd9-461a-a83b-7bc0fe77bf3e,Huggady Panda,MEDIUM,9.0,5.0,30.0,More on the way,2024-01-06 07:53:31
57582c3c-a256-4245-8c28-50fa615ea8ec,0c8d47f9-4cf8-498a-800e-8c69fe23fb83,Bashful Snow Tiger with Personalised Cream Jumper,MEDIUM,12.0,5.0,38.0,Returning to stock 3-4 weeks,2024-01-06 07:53:32
352c7120-6e71-458b-a1c0-b0ac44c7b72f,96f2cab5-5c0c-42ea-9470-9c2f732b9232,Bashful Snow Tiger with Personalised Navy Jumper,MEDIUM,12.0,5.0,38.0,Returning to stock 3-4 weeks,2024-01-06 07:53:34
9907857c-5d7e-411f-a369-665df23e9d12,4106ca99-a7c0-4aab-8b3b-09bcb7844c56,Bashful Snow Tiger with Personalised Red Jumper,MEDIUM,12.0,5.0,38.0,Returning to stock 3-4 weeks,2024-01-06 07:53:36
f9ad394c-db27-40a3-8d40-b241b0a9fd3e,304f97fe-4730-4f1a-b7cc-bfe3d2db50f5,Kitten Caboodle Ginger,ONE SIZE,4.0,4.0,20.0,More on the way,2024-01-06 07:53:37
7e6c9308-7dae-4ef7-9af3-b39b438be85e,2cabf5ea-094c-4808-92fd-8bdfecb296db,Little Frog,ONE SIZE,7.0,4.0,22.0,More on the way,2024-01-06 07:53:39
ae69dc4a-b575-476e-8c4a-d44a12bb9ec7,2dca2f27-52c8-4c06-bbfe-8f7b9ddac6c0,Munro Scottie Dog,HUGE,17.0,9.0,75.0,Out of stock,2024-01-06 07:53:41
dac8d8e2-6593-4b37-8075-3536ef6d949e,2dca2f27-52c8-4c06-bbfe-8f7b9ddac6c0,Munro Scottie Dog,MEDIUM,9.0,5.0,30.0,More on the way,2024-01-06 07:53:41
0387e173-295b-4e48-a0d3-c1e52a68dc1b,a5cb97c5-98ff-4ec1-9381-8e8dcce211a6,Pacey Pufferfish,ONE SIZE,6.0,9.0,33.0,Returning to stock 2-3 months,2024-01-06 07:53:43
afeef88c-432e-42fe-a071-c4b2896e5c2e,158197fe-3b99-4894-917d-bca4b6a9dc58,Rock-a-Bye Bunny,ONE SIZE,7.0,4.0,30.0,More on the way,2024-01-06 07:53:44
