jellycatsizeid,jellycatid,jellycatname,size,price,stock,height,width,datecreated
5a5006e5-8749-4f43-bea1-2e404b2b86af,80676ce0-30fe-4095-b283-1ca2536c3625,Bashful Luxe Bunny Azure,HUGE,85.0,In Stock,20.0,8.0,2024/01/09 16:10:57
eff5cfcd-13ad-4f7c-b837-f234be7bc2e5,80676ce0-30fe-4095-b283-1ca2536c3625,Bashful Luxe Bunny Azure,MEDIUM,35.0,In Stock,12.0,5.0,2024/01/09 16:10:57
344249ce-a391-4e8b-aa9a-27b7e896d4c8,d5d86e04-d9e8-4116-814b-7e40f25cceeb,All Kinds of Cats Book,ONE SIZE,15.0,In Stock,9.0,7.0,2024/01/09 16:10:59
065f4930-4226-4a57-a8a1-bd2ada25d2b0,a07fd8f8-d7ed-4d87-a046-30c0cfc30212,Fergus Frog,ONE SIZE,50.0,In Stock,13.0,4.0,2024/01/09 16:11:01
5711a68d-9bb0-49d4-ae7f-bc64b6d6f1d8,b0bf0679-c7e8-424c-879a-4ffc11521ac4,Jellycat Head Giant,ONE SIZE,220.0,In Stock,22.0,24.0,2024/01/09 16:11:02
e2c48a01-3477-4698-8754-5672057df84a,e281de19-a7ef-4d5a-9565-382a9ed0508a,Jellycat Jack,REALLY BIG,165.0,In Stock,26.0,9.0,2024/01/09 16:11:04
6216162e-6346-4b65-91cb-05a983fc78e4,e281de19-a7ef-4d5a-9565-382a9ed0508a,Jellycat Jack,HUGE,110.0,In Stock,19.0,6.0,2024/01/09 16:11:04
e4025771-202a-4841-8708-3b0b3d33eb27,e281de19-a7ef-4d5a-9565-382a9ed0508a,Jellycat Jack,MEDIUM,45.0,More on the way,13.0,4.0,2024/01/09 16:11:04
d3581303-e3d8-419e-9e70-c9789716a419,30a79ef7-e89b-4076-8307-56eafe660404,Jellycat Bag Charm,ONE SIZE,28.0,In Stock,5.0,4.0,2024/01/09 16:11:06
46d8b8f4-5200-452d-9b0e-39d4d5cd82ba,ad484d46-aefd-40bb-b067-3572bbe66108,Jellycat Bag,ONE SIZE,45.0,In Stock,6.0,9.0,2024/01/09 16:11:07
89a3d462-e96c-4ce2-a451-2aa1eb0b959b,c8181793-9570-4db8-ad6a-752362be77c7,Junglie Monkey,MEDIUM,55.0,In Stock,18.0,7.0,2024/01/09 16:11:09
e5f2e49f-2cf2-40ec-b4bd-c2c2eef78642,0314adf9-d847-448a-bf0e-51322d916ac5,Truffles Sheep,LARGE,110.0,In Stock,9.0,25.0,2024/01/09 16:11:11
368001d8-fbff-4249-a366-835a4c143e89,15e8a218-46a4-4d00-a086-c84e8b49a6bc,Golden Dragon,HUGE,120.0,In Stock,7.0,26.0,2024/01/09 16:11:13
dea7e15d-598b-497e-9c29-9e5e6de84e57,15e8a218-46a4-4d00-a086-c84e8b49a6bc,Golden Dragon,LARGE,65.0,In Stock,5.0,20.0,2024/01/09 16:11:13
6be46072-baf9-4d8c-990d-584b030343df,15e8a218-46a4-4d00-a086-c84e8b49a6bc,Golden Dragon,LITTLE,32.5,In Stock,3.0,12.0,2024/01/09 16:11:13
f30f8068-b6b8-4310-be6a-9ff145cf1d6b,1f4bf1c2-52b6-4b2b-ba40-f702196c13f8,Golden Dragon Bag Charm,ONE SIZE,28.0,In Stock,5.0,9.0,2024/01/09 16:11:14
0b77a0f9-908b-4da8-8966-2c44056a1f8f,fdcb57e3-6265-4027-9372-e0d8c2e39cc5,Lavender Dragon Bag Charm,ONE SIZE,28.0,In Stock,5.0,9.0,2024/01/09 16:11:16
e5fa5b3b-ab49-4bb8-9fd5-8302d1bedd88,9d263a97-7f7b-4976-b170-0f66ecd58269,Little Dragon Bag Charm,ONE SIZE,23.0,In Stock,7.0,2.0,2024/01/09 16:11:17
716c7c37-1e59-469a-9faf-9424ab63a8dc,afa4ff9a-d870-4a20-8634-87d77a61de58,Snow Dragon Bag Charm,ONE SIZE,28.0,In Stock,5.0,9.0,2024/01/09 16:11:19
b448ac0b-4eec-4217-8f91-33e1a1a0b915,81a0c0b7-1c7b-40c0-a62e-09afa3ee7e2a,Aimee Sheep,ONE SIZE,40.0,In Stock,8.0,9.0,2024/01/09 16:11:20
401b4dbe-b105-40e5-94de-2dad174a7e90,4c1ff955-6f62-4a8d-8b42-d05f58cf74cd,Bashful Red Love Heart Bunny,MEDIUM,32.0,In Stock,12.0,5.0,2024/01/09 16:11:22
d0e271f8-ca38-475d-af0f-34fb11c29d71,4c1ff955-6f62-4a8d-8b42-d05f58cf74cd,Bashful Red Love Heart Bunny,SMALL,25.0,In Stock,7.0,4.0,2024/01/09 16:11:22
61603b85-7ab0-4aa7-8a31-03d10cafcae5,04297d97-2c0b-4501-b236-3c26c459a084,Fabian Frog Prince,ONE SIZE,40.0,In Stock,9.0,8.0,2024/01/09 16:11:24
67f3b96d-ccd1-4fb2-96d2-fad638d329fd,3f75fb53-5b3c-491e-a324-c48d7f3b64a4,Loulou Love Bug,ONE SIZE,20.0,In Stock,2.0,5.0,2024/01/09 16:11:26
52ed732a-972f-43e4-94ca-5e9b6c7da25d,ff1785b7-71b2-4ada-9c9b-63085e817421,Amore Bunny,MEDIUM,40.0,In Stock,10.0,7.0,2024/01/09 16:11:27
d6b600c5-415a-4e67-ab2d-b1dedbc2083f,8c84d4d9-cc1e-4407-9e85-18b322e33c26,Bibbly Bobbly Sheep,ONE SIZE,55.0,In Stock,14.0,9.0,2024/01/09 16:11:29
de3097c0-c367-4816-81cc-18bc8a253d19,1cb164b1-d139-40d7-b172-734b646d836a,Brynlee Bee,ONE SIZE,28.0,In Stock,5.0,6.0,2024/01/09 16:11:30
19cea0b3-23ac-48db-8cad-3872db7f459b,198d8f4c-186e-4715-b660-8043835d531e,Bartholomew Bear Bathrobe,MEDIUM,45.0,In Stock,10.0,5.0,2024/01/09 16:11:32
a20227e2-3776-4c5c-a4cd-1ed06d7c66bb,fc3f74a4-b702-42c8-96fe-375e0c23151e,Bashful Duckling,MEDIUM,28.0,In Stock,12.0,5.0,2024/01/09 16:11:34
f6d1dff7-92e8-49eb-9cda-70d398075d8a,8dadfafb-b42b-4c62-9bc8-ae38564e1a47,Bashful Moss Bunny,MEDIUM,28.0,In Stock,12.0,5.0,2024/01/09 16:11:36
0d65a2c3-f252-4ecf-a70c-abec7b2bee43,8dadfafb-b42b-4c62-9bc8-ae38564e1a47,Bashful Moss Bunny,SMALL,18.0,In Stock,7.0,4.0,2024/01/09 16:11:36
ccb94260-0a9a-40ed-997a-abd386b6f5b5,914496dd-7701-4ea3-905d-a7566a733b25,Bashful Viola Bunny,MEDIUM,28.0,In Stock,12.0,5.0,2024/01/09 16:11:38
d90e2025-7d78-4a5b-a3cc-a569b30cab5a,914496dd-7701-4ea3-905d-a7566a733b25,Bashful Viola Bunny,SMALL,18.0,In Stock,7.0,4.0,2024/01/09 16:11:38
f9d62d78-58e1-42f5-b94d-31d33e1624c4,5d9c4dbe-a73e-4809-bccb-9570df1d6ce7,Bashful Bunny with Carrot,SMALL,28.0,In Stock,7.0,4.0,2024/01/09 16:11:39
bb1e44b5-eb6d-4fd5-b74c-27108527d5a9,5cfd9e6f-8106-4a07-8fcc-3434549cffbb,Bashful Bunny with Daffodil,SMALL,28.0,In Stock,7.0,4.0,2024/01/09 16:11:41
ff35cf7f-6534-41d4-9a44-b8234b7334e3,5ac4b3f1-d926-4dbd-bb72-2bf77617d91e,Lottie Fairy Bunny Book,ONE SIZE,15.0,In Stock,7.0,7.0,2024/01/09 16:11:42
42ee7d16-4842-4272-81d4-8c5c9dd4450e,fa2c1b4c-ace8-4e06-9cc1-89c374368f6d,Blossom Cherry Bunny,MEDIUM,28.0,In Stock,12.0,5.0,2024/01/09 16:11:44
4f19b6e8-18af-4e33-a94c-9e5911ecc6b2,fa2c1b4c-ace8-4e06-9cc1-89c374368f6d,Blossom Cherry Bunny,SMALL,18.0,In Stock,7.0,4.0,2024/01/09 16:11:44
21a480bc-c1b8-4063-84a0-fb921ac6c8e7,a26200e5-21d0-4b8f-88d4-4dc78d20daa1,Dainty Dessert Bunny Macaron,ONE SIZE,28.0,In Stock,5.0,5.0,2024/01/09 16:11:46
780be7ed-0f89-4ee6-9f8a-a5e927e1b300,3423762d-d182-48b6-b163-074cb7df85d7,Lottie Bunny Fairy,ONE SIZE,32.5,In Stock,11.0,3.0,2024/01/09 16:11:48
35764fb5-856e-4ab8-87c7-62ab47c430df,60cf381e-0ebf-4f1f-b284-363d72ba3c05,Messenger Bunny,ONE SIZE,32.5,In Stock,7.0,5.0,2024/01/09 16:11:49
553dec4b-d690-4c29-8c87-70257d59ab14,d486224c-5380-4ae8-86c1-721cb0a44714,Smudge Rabbit Big,BIG,75.0,In Stock,6.0,17.0,2024/01/09 16:11:51
ce153859-0f70-4c95-be6a-8fdcca3c543b,bef793e9-591a-46a2-97c0-7f98cd2ea763,Amore Corgi,MEDIUM,40.0,In Stock,10.0,7.0,2024/01/09 16:11:52
c886a583-833d-40ab-bc16-40f920ff3c9f,009691d5-0c42-4682-a9a1-27b06d441bbf,Alexis Anglerfish,ONE SIZE,35.0,In Stock,6.0,8.0,2024/01/09 16:11:54
586618a5-b392-4526-b934-0b1b58e2f21a,fa50988a-05dd-4157-be36-058acf1f4ae4,Bartholomew Bear Pumpkin,LARGE,55.0,In Stock,14.0,8.0,2024/01/09 16:11:55
88e70a3d-2a54-4633-b98e-9696c3b8b090,d65eb251-707a-4557-bbf4-81268222bd57,Bashful Hedgehog,MEDIUM,28.0,In Stock,12.0,5.0,2024/01/09 16:11:57
d2497371-82cc-44f3-9b7d-5d097bc11928,8ebb8963-61b0-4fc0-b738-f7c9c10b5b5b,Bashful Pegasus,MEDIUM,28.0,In Stock,12.0,5.0,2024/01/09 16:11:59
113c6fd4-0c36-4b32-a758-5a707645a727,722f68ad-48bc-4f88-a6bb-adccdb453b6b,If I Were an Owl Board Book,ONE SIZE,13.5,In Stock,6.0,6.0,2024/01/09 16:12:00
4766bea3-6f9e-4718-a859-ff54a489931b,c57c05bc-370b-4635-ba5e-c2eb76537e0b,Betty Corgi Bag Charm,ONE SIZE,23.0,In Stock,4.0,2.0,2024/01/09 16:12:02
8e7ead3d-18e3-4a5c-ae33-29327ab237e9,a5fb3b60-6b41-4b88-bf20-7c59f1489f48,Rory Le Courageux Petit Lion Livre (The Very Brave Lion),ONE SIZE,15.0,In Stock,9.0,9.0,2024/01/09 16:12:03
8981fdde-3839-431b-97df-7311f3abd096,655767d8-bf6e-4919-a89a-64aee5d83ee7,Lapin Timide Et Ses Petites Aventures Livre (Little Me),ONE SIZE,15.0,In Stock,8.0,8.0,2024/01/09 16:12:05
5ff5af6a-3067-4275-9623-c8ebd3df83f9,128b3db4-d35d-4ade-89b3-923068d8758f,Lapin Timide Veille Sur Tes Nuits Livre (The Magic Bunny),ONE SIZE,15.0,In Stock,7.0,7.0,2024/01/09 16:12:06
1a061b8f-c8b6-45c5-8771-8c0e939ee7c5,17f000fa-7294-428f-802f-222121886833,Lapin Timide Veut Grandir Livre (When I Am Big),ONE SIZE,15.0,In Stock,8.0,8.0,2024/01/09 16:12:08
e41da0aa-c5e1-43e2-a908-fc552363c3bb,220aa837-ce7f-4005-84fd-d27991cb58ce,Bodacious Beak Parrot,ONE SIZE,30.0,In Stock,9.0,4.0,2024/01/09 16:12:10
d3c09701-b4ea-4008-b45e-cb17b84ebe14,428a0e19-ff8a-4574-8d5e-269829a9fe43,Bodacious Beak Toucan,ONE SIZE,30.0,In Stock,9.0,4.0,2024/01/09 16:12:11
d69a0060-3956-48dc-96ed-b0c0f9636e79,5db4e7aa-d2dd-4c70-aef0-019dd2f6ee2a,Bryno Dino,ONE SIZE,55.0,In Stock,12.0,6.0,2024/01/09 16:12:13
db0a770c-d2e9-42bb-98a8-9d1467348570,108bed97-18fb-47b7-8179-6b9873c9ed04,Coquette Cutie Bunny,ONE SIZE,32.5,In Stock,10.0,2.0,2024/01/09 16:12:14
7bed5a1c-484b-4ed5-9e76-e64e9f767090,0f2dd582-d2e3-4a00-9375-54d78044e173,Comfy Coat Bunny,ONE SIZE,25.0,In Stock,7.0,3.0,2024/01/09 16:12:16
81193519-2b30-4065-8234-cd5b2d3acb39,7ed2af29-4049-4153-b793-033018960362,Comfy Coat Mouse,ONE SIZE,25.0,In Stock,7.0,3.0,2024/01/09 16:12:18
ca271d2e-0c88-49fe-adee-bce61e13164e,c6527033-36e0-465e-8ced-57645b971935,Cuddlebud Bernard Bunny,ONE SIZE,28.0,In Stock,6.0,4.0,2024/01/09 16:12:19
543c811e-cb14-423d-9e4b-fde9ffb3f379,8005c87d-511d-4cd4-b27e-6385889f479a,Cuddlebud Darcy Dormouse,ONE SIZE,28.0,In Stock,6.0,4.0,2024/01/09 16:12:21
99f95b51-2c7a-4388-a0c5-eb950b7a2290,4e8f31ab-035f-4347-8555-bcbc9e7d7cea,Cuddlebud Morgan Mole,ONE SIZE,28.0,In Stock,6.0,4.0,2024/01/09 16:12:22
5e766d11-c370-4f8c-b98a-63a5488669ee,26e47976-de57-4fac-887c-db1d325fa8ac,Daphne Pomeranian,ONE SIZE,33.0,In Stock,9.0,8.0,2024/01/09 16:12:24
2a751cad-3ad1-484d-ae28-5cdf0fcfebb8,6502806b-2dc3-4e7c-8414-b9ca218fa759,Spooky Greta Gremlin,ONE SIZE,40.0,In Stock,11.0,4.0,2024/01/09 16:12:26
cae0db39-f14d-4747-a681-86064e4ae40a,7ad8dbbb-3168-4841-afd1-5723f6442b77,Harvey Bear,ONE SIZE,150.0,In Stock,11.0,25.0,2024/01/09 16:12:27
f506957c-f967-4da7-8819-00e035cab9d5,6a68196c-8a35-4d8b-b07c-83cb1b53e6c4,Huddles Grey Elephant,ONE SIZE,45.0,In Stock,10.0,6.0,2024/01/09 16:12:29
364b0504-de36-4c2b-ad52-5f9b238d1437,15093f43-4a81-4217-b415-a5ba7f69559f,Isadora Unicorn,ONE SIZE,65.0,In Stock,13.0,13.0,2024/01/09 16:12:30
2486bb6a-03f9-4717-87eb-0dba07fa5db0,e86e9ddd-a9d2-46ed-8e82-c0b5fbd6f09d,Little Dragon,ONE SIZE,22.0,In Stock,7.0,4.0,2024/01/09 16:12:32
427d1776-9fd7-4cd4-b998-8dac06b98565,4e449b7d-94ff-472f-9017-d129559291c6,Lois Lionfish,ONE SIZE,35.0,In Stock,6.0,10.0,2024/01/09 16:12:34
ab31739f-aff4-4161-accd-80cac9552fd9,de16bbd4-0f44-4ed0-a07f-20eaf20d73db,Napping Nipper Westie,ONE SIZE,25.0,In Stock,4.0,6.0,2024/01/09 16:12:35
4b42ac52-6213-4833-941c-47bafa3492bd,43158a33-f794-4843-a8e6-61cf2d7c9448,Otto Sausage Dog Bag Charm,ONE SIZE,23.0,In Stock,4.0,2.0,2024/01/09 16:12:37
3629645f-a7a9-4987-8cdf-1abc630a9d80,199141cc-c5da-4186-8bef-acc670ac3621,Ricky Rain Frog Bag Charm,ONE SIZE,23.0,In Stock,3.0,3.0,2024/01/09 16:12:39
1ebfa4cd-f3ef-440a-acea-9527600d8094,eca08b1e-ef53-4c48-97f5-a2365c88c6ec,Ricky Rain Frog Bag,ONE SIZE,40.0,In Stock,7.0,7.0,2024/01/09 16:12:40
844eef78-9831-4d11-918d-b49de464be2b,9764f860-cfe3-4b83-b69f-260413b9e62f,Stellan Sabre Tooth Tiger,ONE SIZE,75.0,In Stock,19.0,7.0,2024/01/09 16:12:42
a410bc97-aa2d-4630-8d18-efad1f5d1143,d4486199-1085-4474-a543-c31fd8fcde1f,Sweater French Bulldog Purple,ONE SIZE,32.5,In Stock,7.0,7.0,2024/01/09 16:12:44
bb7102b5-d917-451e-b7d7-4b4fccd69f4b,daab35cb-e6fa-43b0-94a7-000ed89325aa,Bashful Snow Tiger Soother,ONE SIZE,25.0,In Stock,13.0,13.0,2024/01/09 16:12:45
3036fb12-d641-44f5-af71-4cf7600d9b65,c1fc8eaf-d62d-4fcb-ac85-e73f352c7a5d,Spindleshanks Spider,SMALL,27.5,In Stock,3.0,14.0,2024/01/09 16:12:48
3ca6557f-33f6-4a72-9737-f9eb928056a2,b5f87a1f-f2b3-4fc7-b456-86270093e005,Stanley Stick Insect,ONE SIZE,28.0,In Stock,3.0,11.0,2024/01/09 16:12:50
128a87b9-f701-4bd2-b13e-d9bd9899ff38,f137ddae-097e-4302-90b5-87dcbf252e97,Viggo Mammoth,ONE SIZE,75.0,In Stock,19.0,7.0,2024/01/09 16:12:51
48e4d7ad-ce57-4085-9762-4b69853c9a02,b5c61397-caf6-4505-9449-7ff627a13be7,Maya Octopus,REALLY BIG,130.0,In Stock,30.0,12.0,2024/01/09 16:12:53
ff99a374-0c1a-41fb-8115-01bd0772c3dd,b5c61397-caf6-4505-9449-7ff627a13be7,Maya Octopus,LARGE,53.0,More on the way,19.0,7.0,2024/01/09 16:12:53
abfa8bff-92c5-4367-ab77-2d3c145108bb,b5c61397-caf6-4505-9449-7ff627a13be7,Maya Octopus,LITTLE,30.0,Returning to stock 3-4 weeks,9.0,4.0,2024/01/09 16:12:53
21517989-249b-435a-ad36-656a87ada17f,b5c61397-caf6-4505-9449-7ff627a13be7,Maya Octopus,TINY,18.0,In Stock,6.0,3.0,2024/01/09 16:12:53
21991662-83be-449a-ad20-ed1c3d35d385,43df1703-2ec1-4cb9-8ac0-6c1155268ecb,Albert Jack Russell,ONE SIZE,30.0,In Stock,7.0,6.0,2024/01/09 16:12:55
a96e3a9b-fb6c-4a1b-aa82-4d395cb1c912,029ae5f4-dfe6-45bd-94fa-0be4ee14d35d,Birdling Hummingbird,ONE SIZE,17.0,In Stock,4.0,2.0,2024/01/09 16:12:57
a4b03d3d-8285-42d6-ba30-20173ccb12ca,3afa3437-f10b-4e87-be20-b7932ee8fb23,Bashful Christmas Bunny,MEDIUM,27.5,In Stock,12.0,5.0,2024/01/09 16:12:58
31eae899-7254-4a67-ba80-8a191704e026,39278fd8-8dc4-47c1-aa21-05e01e7d41b8,Bashful Luxe Bunny Luna,HUGE,85.0,In Stock,20.0,8.0,2024/01/09 16:13:00
123b78a3-4ee7-425c-8dcb-877c97af0f89,39278fd8-8dc4-47c1-aa21-05e01e7d41b8,Bashful Luxe Bunny Luna,MEDIUM,35.0,In Stock,12.0,5.0,2024/01/09 16:13:00
b790b9b8-82c9-428b-b7b6-725260a506e6,74b2c72b-603e-43ae-86d3-3b8bad48a8c4,Bashful Christmas Bunny Decoration,TINY,15.0,In Stock,5.0,2.0,2024/01/09 16:13:02
58c5d646-868d-45d4-aaf3-d3c1057a1dc5,68060540-6bfa-4d10-ac23-b9a4abfeab38,Merry Mouse Book,ONE SIZE,15.0,In Stock,7.0,7.0,2024/01/09 16:13:04
361d6a8f-00e6-4014-956c-f7457bf94a92,f66d0c29-f94e-4424-bc10-614757b2d4ce,Otto’s Snowy Christmas Book,ONE SIZE,15.0,In Stock,7.0,9.0,2024/01/09 16:13:05
b33092ec-3e93-4129-a1cf-eef23dd5bcd9,742afaff-2e99-4142-a9c3-ff0eb1a6b265,The Playful Polar Bears Book,ONE SIZE,15.0,In Stock,8.0,8.0,2024/01/09 16:13:07
cdf0176a-bc81-4d5a-9387-023ecbc96e97,b7da6fca-db1f-4179-953c-01210251ffdd,Mitzi Reindeer’s Dream Book,ONE SIZE,15.0,In Stock,8.0,8.0,2024/01/09 16:13:08
eceaf58a-1c70-4957-b09a-6df937c0eaac,0479cbc3-120a-476c-b08d-eae5851adaf2,Festive Folly Penguin,ONE SIZE,12.5,In Stock,4.0,2.0,2024/01/09 16:13:10
3bdd53a2-8a67-496e-a614-8b46ecb144ee,222fd47b-881d-4c46-9489-5de0c4a0093a,Sofia Reindeer,ONE SIZE,60.0,In Stock,17.0,5.0,2024/01/09 16:13:12
067e3c40-ec30-4ee6-8a98-bb2f882155e7,f081bc8a-931e-4361-8210-a58bc87e4985,Christmas Grizzo,ONE SIZE,37.5,In Stock,11.0,4.0,2024/01/09 16:13:13
a05c6b71-bb04-40da-971f-224e200d8166,4952b9a4-db9a-439f-9921-8342a85de9c8,Maurice Macaroni Penguin,ONE SIZE,32.5,In Stock,8.0,5.0,2024/01/09 16:13:15
9f277cac-04fa-455c-b17e-33ee66c69480,79fff990-5aae-432a-831d-80c5ab4722f4,Merry Mouse,ONE SIZE,27.5,In Stock,7.0,4.0,2024/01/09 16:13:16
0ac616da-e179-4fd7-b83a-6f891238a709,7b1a125b-b9a4-4b89-8914-816183d94c32,Merry Mouse Present,ONE SIZE,27.5,In Stock,7.0,4.0,2024/01/09 16:13:18
7598a2ff-b26c-4e23-bfa4-9c32c0822eb5,847f9c5f-6121-4d15-9b16-c45941544b55,Merry Mouse Skiing,ONE SIZE,37.5,In Stock,8.0,5.0,2024/01/09 16:13:20
538e8136-4182-4a9c-b35e-43d3fd38af86,11a6afd6-d6b7-41b8-87b8-33c5f7c884a0,Winter Warmer Otto Sausage Dog,ONE SIZE,32.5,In Stock,6.0,3.0,2024/01/09 16:13:21
8fa2a77a-b24e-4c5c-abbe-28f9cb8db4ff,4c5dd392-fb39-4d2f-b6b0-2eeb665f0d8c,Personalised Bashful Luxe Bunny Luna Huge,HUGE,91.0,In Stock,20.0,8.0,2024/01/09 16:13:23
f61d6ba8-52e0-4a0c-b078-ce751c2ca846,beb85957-17a4-4ec3-a120-cfe2905d15d4,Personalised Bashful Luxe Bunny Luna Medium,MEDIUM,41.0,In Stock,12.0,5.0,2024/01/09 16:13:25
23e77d12-c528-489c-9e1e-c4dd43aa3b31,f04fbf6d-2c6e-4920-905a-39b79e8414ef,Winter Warmer Pippa Black Labrador,ONE SIZE,32.5,In Stock,9.0,3.0,2024/01/09 16:13:27
6ae0cd47-eac0-4471-be40-e7ac9df8729f,b9788802-85f4-4b2b-b313-62fefbe81cb4,Santa Ricky Rain Frog,ONE SIZE,35.0,In Stock,6.0,5.0,2024/01/09 16:13:28
e14b6ee8-d949-49ee-b260-03d0cc33a467,c78b92af-5e70-4c82-adc7-286ff0590c56,Otto's Snowy Christmas Book & Winter Warmer Otto Sausage Dog,ONE SIZE,47.5,In Stock,,,2024/01/09 16:13:30
1bca901a-1982-42a5-9433-9b0bedc31e6a,c58f9961-e1da-4db0-a50f-bc02ffd60c1d,Amuseabean Bunny,ONE SIZE,20.0,In Stock,4.0,4.0,2024/01/09 16:13:32
c7df534f-f1b0-448c-b2ca-e78857c442f9,c67d5376-d409-48fb-8e56-33cfe8b6814e,Amuseabean Highland Cow,ONE SIZE,20.0,In Stock,4.0,4.0,2024/01/09 16:13:33
d7c50f4e-aeb3-4465-8baf-b9c098cb1f60,cfb9ac1f-3049-4182-8153-5a26b6d5d343,Amuseabean Ram,ONE SIZE,20.0,In Stock,4.0,4.0,2024/01/09 16:13:35
28e49d4c-eb5b-46de-aa06-a6dca223fe6a,e36d2b29-6df7-4029-9a12-f79204c4ef2a,Bartholomew Bear Bag Charm,ONE SIZE,23.0,In Stock,5.0,2.0,2024/01/09 16:13:37
db95ad5f-a605-47e5-9a0d-86d7afac6a6c,2209f6d8-623e-40bd-89cf-c94d4ed7749a,Bashful Luxe Bunny Rosa,HUGE,85.0,More on the way,20.0,8.0,2024/01/09 16:13:39
2bdc6f2a-69e4-4e5b-9858-bb8878a212eb,2209f6d8-623e-40bd-89cf-c94d4ed7749a,Bashful Luxe Bunny Rosa,MEDIUM,35.0,In Stock,12.0,5.0,2024/01/09 16:13:39
4bcb28d0-e34e-4b7b-8351-5ff69d017b5d,1b55ccee-d9a3-4373-8bd6-6586a3e38ac7,Bashful Luxe Bunny Willow,HUGE,85.0,More on the way,20.0,8.0,2024/01/09 16:13:41
339c10be-2b7b-422b-bb31-7a40faf5313b,1b55ccee-d9a3-4373-8bd6-6586a3e38ac7,Bashful Luxe Bunny Willow,MEDIUM,35.0,In Stock,12.0,5.0,2024/01/09 16:13:41
61f3084a-209b-4f38-a478-e03cea73f43b,f085e2a2-5d7b-4259-bdf7-36837d99f745,Birdling Goldfinch,ONE SIZE,17.0,In Stock,4.0,3.0,2024/01/09 16:13:42
19de6e13-8c1c-4de8-b8e5-e0595ee1481e,15f9068b-eeee-4eb7-b6d9-0c6f8c456e71,Birdling Swallow,ONE SIZE,17.0,In Stock,4.0,3.0,2024/01/09 16:13:44
d1120afa-7e92-47e1-9f92-77c1290e8326,976ef9c2-e301-487d-80e0-e658dc2c5ac1,Blowzy Belle Sheep,ONE SIZE,37.5,In Stock,16.0,4.0,2024/01/09 16:13:46
dcce675b-4bf2-4326-9e40-1916f82348d1,2e634fb5-a91c-458c-a653-3b36c8dd4444,Fou Fou Ostrich,ONE SIZE,28.5,In Stock,8.0,6.0,2024/01/09 16:13:47
781adf28-126b-4961-81b6-7489d5d36ce1,98df8d83-a2c2-4960-9e6f-3b0e349ed796,Fou Fou Peacock,ONE SIZE,28.5,In Stock,8.0,6.0,2024/01/09 16:13:49
af4fbf07-8422-4cd2-b291-c9bd510355cf,f0be5ea0-ddfd-4bd9-8154-f7587fa72ff4,Fuzzkin Monkey,ONE SIZE,25.0,In Stock,9.0,4.0,2024/01/09 16:13:50
a204c540-9ec2-4b73-bc36-2642f361c990,55fcc5f1-1cb1-4c70-a3be-5b010f2ef2ff,Ginny Goat,ONE SIZE,35.0,In Stock,10.0,6.0,2024/01/09 16:13:52
203f5e02-da54-4986-8bb2-78d1ed75d067,859e3c4b-9f39-4360-9b64-cbaccb99b884,Gracie Grouper Fish,ONE SIZE,30.0,In Stock,4.0,10.0,2024/01/09 16:13:54
69761900-66e5-412e-9e56-4c190eb3cf9a,b87a6b43-2408-46af-b20c-37b17bdd908c,Hector Fox Terrier,ONE SIZE,35.0,In Stock,9.0,4.0,2024/01/09 16:13:56
08bb8635-2b9a-42c5-a9af-8006678af8ac,3fe8447b-db5c-4080-82e5-081ca608fb44,Jinx Monster,ONE SIZE,35.0,In Stock,17.0,6.0,2024/01/09 16:13:57
d360af49-9743-4e7a-bbba-9b7d9cfe2d8e,d4aefbab-a075-4e75-afb2-552afc7aa3dc,Jollipop Cat,ONE SIZE,23.5,In Stock,8.0,4.0,2024/01/09 16:13:59
3e00f3d6-1024-473d-8872-ec874ef31e8d,cad23a00-ee90-490c-9558-271748b4dd73,Jollipop Puppy,ONE SIZE,23.5,In Stock,8.0,4.0,2024/01/09 16:14:00
14a31a2b-4771-4a3e-b77a-d2ce32a09cae,82cd1199-39a5-4151-8c7d-700869e76587,Lavender Dragon,HUGE,120.0,In Stock,7.0,26.0,2024/01/09 16:14:03
2fca4e6b-300f-42c6-892f-d66f33d83c57,82cd1199-39a5-4151-8c7d-700869e76587,Lavender Dragon,MEDIUM,65.0,In Stock,5.0,20.0,2024/01/09 16:14:03
25d4c4dd-e2dc-4731-ab51-549f08267fe0,82cd1199-39a5-4151-8c7d-700869e76587,Lavender Dragon,LITTLE,32.5,In Stock,3.0,12.0,2024/01/09 16:14:03
6cc980ff-10c4-4038-89de-3e302dc6899e,ccd1cb2c-5250-4632-831a-486f74950a3f,Lila Ballerina Bunny,ONE SIZE,35.0,In Stock,13.0,2.0,2024/01/09 16:14:04
0a06e4cb-fd88-461e-8b6a-ba1a791aecaf,95437c52-aa3c-46d1-af6d-ddbac6e5253d,Madison Monkey,ONE SIZE,32.5,In Stock,13.0,2.0,2024/01/09 16:14:06
93c9fb06-32d8-4735-bf74-a30693f47e36,80818901-a372-4ef4-837e-fa1c321fdab2,Ollivander the Orca,ONE SIZE,70.0,In Stock,9.0,25.0,2024/01/09 16:14:08
e66c9a56-ce57-47d0-bb6c-5541c183bb57,180a980f-ce42-4a5f-9eb8-d2f734f0b874,Oswald Orangutan,ONE SIZE,65.0,In Stock,13.0,12.0,2024/01/09 16:14:09
864b41a1-23e3-4283-a6c7-929ab8315caf,02acfdbe-761f-4178-a58b-f7ee41ed0c3f,Personalised Bashful Luxe Bunny Willow Huge,HUGE,91.0,In Stock,20.0,8.0,2024/01/09 16:14:11
e6296fd3-895b-4658-828e-eaacd202b474,a1b22087-6e87-41ee-b629-a14269a3a344,Personalised Bashful Luxe Bunny Rosa Medium,MEDIUM,41.0,In Stock,12.0,5.0,2024/01/09 16:14:13
b6c093aa-b035-4de7-8d6a-81e2ebcddf53,ce85049a-4c24-4695-8f96-b52e023bf2db,Personalised Bashful Luxe Bunny Willow Medium,MEDIUM,41.0,In Stock,12.0,5.0,2024/01/09 16:14:15
3590e64a-b131-40de-bd76-ce0081f596c0,da11f5ba-a25c-4716-9148-aca7395546ac,Personalised Lavender Dragon Huge,HUGE,126.0,In Stock,7.0,26.0,2024/01/09 16:14:17
fda30f8a-b261-427d-9aa4-5b4059d21cee,b54065dc-cf1f-4ee3-9175-cedde3df0716,Pippa Black Labrador,ONE SIZE,33.0,In Stock,9.0,4.0,2024/01/09 16:14:19
a4cdec05-3f40-4560-a617-243044e32935,260edee5-ee94-4d17-aac1-cf350f866f59,Quaxy Elephant,ONE SIZE,35.0,In Stock,10.0,6.0,2024/01/09 16:14:21
a2c2ce2d-10e4-4267-b4ad-739ea3d51b1f,ad1c6acf-1fd2-465b-8b30-8b5695b51833,Quaxy Pig,ONE SIZE,35.0,In Stock,10.0,6.0,2024/01/09 16:14:22
c0a93e43-8ecc-466f-9362-2cde8f05bc58,9ec7bc8d-a71b-45a4-9a62-683f20f9f966,Ramonda Ostrich,ONE SIZE,40.0,In Stock,22.0,6.0,2024/01/09 16:14:24
0694b191-ade5-4c0a-a2b8-0005a6743e66,4243215f-7eb9-4ab1-adfc-e8c073bc8e7f,Rock-a-Bye Kitten,ONE SIZE,30.0,In Stock,7.0,4.0,2024/01/09 16:14:25
05c4822d-fd12-4bc1-9ab0-d1993adb7552,6485921f-364b-48a1-a433-b855bfad4fd0,Sweetsicle Bunny,ONE SIZE,20.0,In Stock,6.0,3.0,2024/01/09 16:14:27
f42ac510-18de-41f6-b85e-abf838aebc76,505ea067-8ea0-41fc-9c98-cdf9812c3aab,Syd Salamander,ONE SIZE,27.5,In Stock,10.0,4.0,2024/01/09 16:14:29
05d5a635-1221-4197-9a94-f0d8f43ad0cd,5eb628fb-0b26-418b-b80f-896ff8a153b4,Bashful Hot Pink Bunny,MEDIUM,28.0,In Stock,12.0,5.0,2024/01/09 16:14:31
2c8e21a0-6633-459b-87be-81db58512b80,5eb628fb-0b26-418b-b80f-896ff8a153b4,Bashful Hot Pink Bunny,SMALL,18.0,In Stock,7.0,4.0,2024/01/09 16:14:31
779f5acd-22b8-430e-bee2-e017646f89a7,74d539ac-1c7b-43c2-8e7a-6dbabfb7b999,Bashful Sunshine Bunny,MEDIUM,28.0,In Stock,12.0,5.0,2024/01/09 16:14:34
a9ac95aa-8f2b-46ca-b51a-09538299bec3,74d539ac-1c7b-43c2-8e7a-6dbabfb7b999,Bashful Sunshine Bunny,SMALL,18.0,In Stock,7.0,4.0,2024/01/09 16:14:34
d2cfb8cd-3d7b-4785-8396-26ae3587f222,69dccc7c-3557-4cba-9178-9774e1073be3,Goodnight Bunny Book,ONE SIZE,15.0,In Stock,7.0,7.0,2024/01/09 16:14:35
3673af36-ee73-4189-9690-58bbf9ff7eca,d62bc8fa-22c7-4444-bfef-b358dc144af6,Bluebell Butterfly,ONE SIZE,33.0,In Stock,8.0,13.0,2024/01/09 16:14:37
799b601f-a535-4a84-b919-48fbc211f034,dd9e4b9b-aebc-4ce4-8ef0-18e4ef8057a4,Bonnie Bunny with Egg,ONE SIZE,23.5,In Stock,6.0,3.0,2024/01/09 16:14:39
b80f4e3a-ed5a-4c78-b534-d990eb69368e,b979c3d2-7e73-40fb-957a-37024a898351,Burly Boo Sheep,ONE SIZE,25.0,In Stock,7.0,5.0,2024/01/09 16:14:40
da88a8cd-f7e6-408d-8ca0-4edaf5b19157,492d9900-fed9-4789-ac04-0e1105f18a4c,Cluny Cockerel,ONE SIZE,35.0,In Stock,9.0,5.0,2024/01/09 16:14:42
099514ad-d6e2-425f-a26d-017f4690dc79,969fc32f-801c-46d3-84fc-fbe17126be47,Escarfgot Purple,ONE SIZE,20.0,In Stock,6.0,3.0,2024/01/09 16:14:43
35c2c186-5239-4462-8475-edd62ed20e31,2f8c9e6a-c7dd-46c7-b38e-3d3902a7e1a1,Escarfgot Pink,ONE SIZE,20.0,In Stock,5.0,2.0,2024/01/09 16:14:45
2698cf33-5b4a-425a-9f53-dfc078b58d5c,0b8019ea-a2b5-401b-a277-f6a0f71a0696,Bashful Hot Pink Bunny with Personalised Cream Jumper,MEDIUM,38.0,In Stock,12.0,5.0,2024/01/09 16:14:47
9754e960-1c13-40f0-b00b-d48025c7dede,dc749c13-0eee-4569-a507-7babc37e9264,Bashful Sunshine Bunny with Personalised Cream Jumper,MEDIUM,38.0,In Stock,12.0,5.0,2024/01/09 16:14:49
c24f8f2a-1a0c-4fad-9e54-534355efa92d,a2fca775-de59-4efc-999a-43d4644768e7,Bashful Hot Pink Bunny with Personalised Navy Jumper,MEDIUM,38.0,In Stock,12.0,5.0,2024/01/09 16:14:51
86891c09-5158-4517-94d2-3004d132b570,9b5b37b3-b6b1-491c-92e0-12583215f54f,Bashful Sunshine Bunny with Personalised Navy Jumper,MEDIUM,38.0,In Stock,12.0,5.0,2024/01/09 16:14:53
d4456a58-72fc-4c8c-8416-8fb98d62357f,2919fcef-d7ae-416e-be28-c5ae67201da8,Bashful Sunshine Bunny with Personalised Red Jumper,MEDIUM,38.0,In Stock,12.0,5.0,2024/01/09 16:14:55
17113efd-34ab-4f02-9096-781127f7b274,cde72a4a-a78b-4858-bada-f290548effd4,Layla Ladybird,ONE SIZE,25.0,In Stock,3.0,6.0,2024/01/09 16:14:56
8b3fcfb2-16ba-4398-a658-05d20b3ae815,3bfc6914-efed-48b6-8d0b-1c5452d5810a,Nesting Bunnies,ONE SIZE,35.0,In Stock,4.0,6.0,2024/01/09 16:14:58
acd17a8f-ccd0-4685-a603-1cb59b205c1b,3a5b7128-ed7e-40fc-b252-de8e76438d71,Personalised Bashful Hot Pink Bunny Medium,MEDIUM,34.0,In Stock,12.0,5.0,2024/01/09 16:15:00
a0d72a66-6898-4735-a26c-3989371352ec,16dc843a-fc4d-4711-870b-4870bf40129f,Personalised Bashful Sunshine Bunny Medium,MEDIUM,34.0,In Stock,12.0,5.0,2024/01/09 16:15:02
f372b0b8-72d5-4c7c-bb2c-43f863134714,8f904c6e-5e5e-434e-bd0a-fceaeb0862fb,Blossom Heart Blush Bunny,ONE SIZE,17.5,In Stock,6.0,3.0,2024/01/09 16:15:04
15f81d2b-38b2-4fe3-9fe0-55e0e9077f19,3311355d-d326-42c2-b6a5-eedd6381a0b3,Blossom Heart Tulip Bunny,ONE SIZE,17.5,In Stock,6.0,3.0,2024/01/09 16:15:05
1b3e76d1-413f-46c3-9500-c04f8fad3566,8016bf63-a9e8-44e9-a586-4f70cf667caf,Crowning Croaker Green Frog,ONE SIZE,17.5,In Stock,5.0,3.0,2024/01/09 16:15:07
d357da80-38b9-4a92-914d-66ea39940edd,71943fcf-1429-4d8b-ac7d-1316210a1220,Love-Me Lobster,ONE SIZE,24.0,In Stock,6.0,3.0,2024/01/09 16:15:09
51c47c10-261e-4f87-aa6e-b08ecf832e4d,25604dd5-08fd-47b0-bcc7-09bd733f32e7,Ambrosie Fox,ONE SIZE,35.0,In Stock,9.0,5.0,2024/01/09 16:15:12
0e639c3d-590a-41eb-a0fb-3fd2fad8cd2a,bc3af7f7-d9e1-4deb-940c-0402c1b77808,Ambrosie Hare,ONE SIZE,35.0,In Stock,9.0,4.0,2024/01/09 16:15:13
bafea0c3-bea5-4e9d-9005-6f8ee7f0a6f7,406f85aa-fe9c-417f-85bf-44263849861d,Anoraknid Black Spider,ONE SIZE,20.0,In Stock,5.0,4.0,2024/01/09 16:15:15
4558b0f8-ab43-4d8b-935e-9d5343b173d8,e721efb2-87f9-476d-8dd0-61348edef825,Andie Axolotl,MEDIUM,32.5,In Stock,11.0,5.0,2024/01/09 16:15:17
b0291738-39a4-4acf-a06d-0998c1c9d1ef,e721efb2-87f9-476d-8dd0-61348edef825,Andie Axolotl,SMALL,22.0,Out of stock,7.0,2.0,2024/01/09 16:15:17
4e0b6e7a-9916-4fa8-b3e6-b9e6fde115d4,c5220501-3934-4479-a67c-a8c60dccac0e,Bashful Golden Bunny,MEDIUM,28.0,In Stock,12.0,5.0,2024/01/09 16:15:20
dba0bb7b-e22c-4521-82cf-36034b5affad,c5220501-3934-4479-a67c-a8c60dccac0e,Bashful Golden Bunny,SMALL,18.0,In Stock,7.0,4.0,2024/01/09 16:15:20
09ceb8eb-ffe3-4748-bac3-317016f980a3,0de55656-1ea7-4788-935a-346f034a4d50,Bashful Mineral Blue Bunny,MEDIUM,28.0,In Stock,12.0,5.0,2024/01/09 16:15:23
2b0898d6-9c5a-4762-8622-ac550f20fd3e,0de55656-1ea7-4788-935a-346f034a4d50,Bashful Mineral Blue Bunny,SMALL,18.0,Out of stock,7.0,4.0,2024/01/09 16:15:23
26822b5e-df7b-4629-aea3-c51505d9e6ad,a5564a2a-3ecd-4534-b2d5-a8ea90341f5e,Bashful Wolf,MEDIUM,28.0,In Stock,12.0,5.0,2024/01/09 16:15:24
0258e8ac-d0bb-42dd-a280-8129a3384404,fe005e73-2633-42ec-b9d9-e849ba99a2cc,Wrapabat Black,ONE SIZE,20.0,In Stock,6.0,2.0,2024/01/09 16:15:26
730be910-ddab-401b-b0ff-9045423c8f7f,966cdfb0-430d-494c-a7d6-3778768089f3,Beatnik Buddy Poodle,ONE SIZE,28.0,In Stock,11.0,3.0,2024/01/09 16:15:27
348266b6-2372-4ac8-a927-8b7d4cff0ecf,16f76fe2-1647-479b-b593-3f67e5c61ae1,Beatnik Buddy Sausage Dog,ONE SIZE,28.0,In Stock,11.0,3.0,2024/01/09 16:15:29
d51a2b6c-eb7f-46e1-bb12-e656183fff76,9659b38b-7a23-4e59-9b94-392263bdfe86,Daddy Loves Me Book,ONE SIZE,20.0,In Stock,6.0,6.0,2024/01/09 16:15:31
839d711b-cd91-4ed3-97d3-ac508e0d3828,f3f09b4e-ba0b-4e39-bec7-6a64b09ab653,Mummy Loves Me Book,ONE SIZE,20.0,In Stock,6.0,6.0,2024/01/09 16:15:32
12c5c01f-8868-449f-b016-dc39a05296eb,f10bf1f8-289f-4eee-b1b7-3d1445b203d0,Backpack Wolf,ONE SIZE,30.0,In Stock,9.0,4.0,2024/01/09 16:15:34
8b4a9a50-5a22-49b7-8fce-c87692b1e173,bcec7fd9-22e4-4686-835d-cc54c12e51e8,Big Spottie Unicorn,ONE SIZE,75.0,In Stock,17.0,6.0,2024/01/09 16:15:35
805985fe-8187-4c13-a47b-46787fcdf385,25420486-d565-4685-b532-1b919c54d06a,Cozy Crew Seahorse,ONE SIZE,25.0,In Stock,7.0,2.0,2024/01/09 16:15:37
597ca45f-0937-4e86-9c94-b26dd80a7799,2bfc50dd-9c4d-457c-8743-56f502f62c7b,Davey Dilophosaurus,ONE SIZE,32.5,In Stock,11.0,5.0,2024/01/09 16:15:38
056e7938-6e8c-4fb6-8dcd-6252b00ed8ff,eaf0c12c-8a27-4c32-a280-f84cdd80967c,Delano Dorado Fish,ONE SIZE,27.5,In Stock,5.0,10.0,2024/01/09 16:15:40
670a0194-34c8-41a4-9bbf-1d524046e9bb,4fcbca2c-df19-4302-96ce-e5e06a5f0f16,Evelyn Swan,ONE SIZE,40.0,In Stock,19.0,6.0,2024/01/09 16:15:42
07e2256d-b160-4a96-ae9f-e56664064aa4,9330f246-f747-4764-adea-8e5a11d2239d,Fishiful Blue,ONE SIZE,17.5,In Stock,5.0,6.0,2024/01/09 16:15:44
8d8b8717-d957-4513-af05-d790ca630f0f,5be71225-1ddb-4b3d-8b5b-f43e898ff3d7,Fishiful Orange,ONE SIZE,17.5,In Stock,5.0,6.0,2024/01/09 16:15:46
d41a7af0-abea-463d-b50f-61d445f51070,78b74581-f43a-4ef2-bf25-ebf1f061245e,Fishiful Pink,ONE SIZE,17.5,In Stock,5.0,6.0,2024/01/09 16:15:48
0e50216e-c42c-4962-941e-570f96ad38fe,7f92613b-89be-4ca2-a034-87affbe51f21,Forest Fauna Bear,ONE SIZE,32.5,In Stock,7.0,6.0,2024/01/09 16:15:49
cfb171f4-1827-45fc-90fc-a37bc1d73ebc,d99874a5-6446-4d8f-85db-e11510a97ae9,Forest Fauna Frog,ONE SIZE,32.5,In Stock,8.0,4.0,2024/01/09 16:15:51
80d63c8a-f0be-45ee-aa9f-c720741bb59a,9f55031d-3c1c-4be6-9190-702172e91c88,Forest Fauna Owl,ONE SIZE,32.5,In Stock,7.0,4.0,2024/01/09 16:15:53
fabe810b-c525-4ab0-96e8-10a52d72349a,e3deb008-de69-462a-8545-6c420e881eef,Freddie Sausage Dog,LARGE,30.0,Out of stock,7.0,7.0,2024/01/09 16:15:55
fba91f21-20cb-40c1-988f-378f8baa69ca,e3deb008-de69-462a-8545-6c420e881eef,Freddie Sausage Dog,SMALL,22.0,In Stock,5.0,7.0,2024/01/09 16:15:55
5f1bbc05-a25a-4706-88e7-8dbda890b46d,1b3c398a-7e6a-49e5-b4f7-2e939c0e8a28,Gilbert the Great Blue Whale,ONE SIZE,85.0,In Stock,7.0,22.0,2024/01/09 16:15:57
ce744b3c-ff71-4491-8ad2-11a8bd3b7bfc,83659430-1682-440b-ba7c-893d0ecff90f,Glamorama Cat,ONE SIZE,40.0,In Stock,16.0,4.0,2024/01/09 16:15:59
af0c2ff6-bbe4-4485-a705-92b3159785e8,883aa9ce-b5af-441a-a669-e87f073946fa,Glamorama Pig,ONE SIZE,40.0,In Stock,11.0,6.0,2024/01/09 16:16:02
59b5723f-b82f-4786-a4d3-d2a893647730,4575a703-be21-4ecc-97c7-29d3bdb99fad,Grizzo Gremlin,ONE SIZE,35.0,In Stock,11.0,4.0,2024/01/09 16:16:04
c3a71c2b-ac9e-4151-9c08-7b544e4fd10f,9321733a-f90d-4257-83b7-f8b2bfb222f9,Hamish Hedgehog,ONE SIZE,75.0,In Stock,8.0,16.0,2024/01/09 16:16:06
cc40c886-ba36-4c23-aa40-1123a9e57fed,49a01e3d-e6c6-40c9-af05-1bff1ae585bd,Humphrey the Humpback Whale,ONE SIZE,85.0,In Stock,8.0,20.0,2024/01/09 16:16:08
59b2ba8a-62c2-470a-950d-66b5a685eab9,b6fa4c69-fd0f-4a08-b5c0-91e1d1a8df74,Bashful Golden Bunny with Personalised Cream Jumper,MEDIUM,38.0,In Stock,12.0,5.0,2024/01/09 16:16:10
a0c30fca-c446-4c3d-9ff1-381d7a8e5b6b,2828a6aa-789f-40ad-bb79-fd0e922e6f9d,Bashful Mineral Blue Bunny with Personalised Cream Jumper,MEDIUM,38.0,In Stock,12.0,5.0,2024/01/09 16:16:14
331f7a62-9125-4c4b-9848-49346711d8ce,5bf63973-aa92-44a2-b324-768d70323aa4,Bashful Golden Bunny with Personalised Navy Jumper,MEDIUM,38.0,In Stock,12.0,5.0,2024/01/09 16:16:16
53d85e7f-be39-443c-a715-8b84f5f40298,51785eb7-e9cc-4869-9109-5965912f9c29,Bashful Mineral Blue Bunny with Personalised Navy Jumper,MEDIUM,38.0,In Stock,12.0,5.0,2024/01/09 16:16:19
30f3bb56-6011-4536-ba68-3b4c75713573,d67c37cd-545f-4533-9e57-fc7d1cf0c835,Bashful Golden Bunny with Personalised Red Jumper,MEDIUM,38.0,In Stock,12.0,5.0,2024/01/09 16:16:22
d2a60b28-2c65-4908-84a8-8779cd15b5fb,773fbf4c-36c5-4c6f-bc8d-830a86987b41,Bashful Mineral Blue Bunny with Personalised Red Jumper,MEDIUM,38.0,In Stock,12.0,5.0,2024/01/09 16:16:24
71a14a18-56fe-4789-82c2-3651e9aa2f8f,978987ca-f760-45cc-9a67-709ec888039c,Bashful Wolf with Personalised Red Jumper,MEDIUM,38.0,In Stock,12.0,5.0,2024/01/09 16:16:26
74e4e2e3-3507-4565-9adc-cfbb80762876,dad474b4-4c54-44d0-a537-b824fd46c582,Little Tiger,ONE SIZE,22.0,In Stock,7.0,4.0,2024/01/09 16:16:28
eccb8d51-9913-460d-86da-dc9cc54b58d4,0620c52a-ed21-4dda-a8b3-ee14600229d9,Letty Jellyfish,ONE SIZE,39.5,In Stock,23.0,6.0,2024/01/09 16:16:30
72dade98-a40e-45ad-a2a4-9d3c216740ca,2c423941-9695-4e66-b680-dc49303ad4f6,Napping Nipper Dog,ONE SIZE,25.0,In Stock,4.0,6.0,2024/01/09 16:16:31
f66d6593-e4dc-4918-ae9f-b98109baeafe,4fafa7be-ece8-4773-8675-09399082c13e,Nippit Beaver,ONE SIZE,15.0,In Stock,5.0,3.0,2024/01/09 16:16:34
4f0792a6-d6b3-4472-bce8-2fac96907a5a,0e2d00c3-c543-4fec-8a8c-4d20ee273f51,Nippit Owl,ONE SIZE,15.0,In Stock,5.0,3.0,2024/01/09 16:16:36
77093a5d-71be-4be9-890e-efe434c726ee,7a6cdd72-1a50-431a-a499-ad8bd143c90a,Oakley Owl,ONE SIZE,32.5,In Stock,9.0,5.0,2024/01/09 16:16:39
f18be104-eb25-45cf-85e5-1d310423bfc3,5189fd8c-c34f-4a88-8f66-2b7c0f391da1,Oberon Owl,ONE SIZE,30.0,In Stock,10.0,5.0,2024/01/09 16:16:41
b2aef4ad-884d-4202-af76-cc11fd881b99,9312dc3d-e1d1-44c1-8bc7-d25f8fee9f29,Pongo Orangutan,HUGE,65.0,In Stock,23.0,7.0,2024/01/09 16:16:44
ecf80551-3de6-4edc-8048-1986a202ec5c,d64f724b-3688-4c42-9ebd-583728143607,Otto Sausage Dog,HUGE,75.0,Out of stock,11.0,13.0,2024/01/09 16:16:46
7c8f9690-ac86-45e5-ad86-35b9c1ab2af8,d64f724b-3688-4c42-9ebd-583728143607,Otto Sausage Dog,LARGE,30.0,In Stock,7.0,7.0,2024/01/09 16:16:46
f4782b23-3f96-494c-866a-47eb444b2820,d64f724b-3688-4c42-9ebd-583728143607,Otto Sausage Dog,SMALL,22.0,In Stock,5.0,7.0,2024/01/09 16:16:46
3904d4f8-5ee5-4aff-911a-8b10d5aa984f,9009d598-b01f-43f7-8614-5c464b100d1b,Personalised Bashful Golden Bunny Medium,MEDIUM,34.0,In Stock,12.0,5.0,2024/01/09 16:16:48
c8533a44-a94e-4423-8a53-b4d1d17969a7,8e3b14aa-8035-4e3b-a80f-6bd010125e7e,Personalised Bashful Mineral Blue Bunny Medium,MEDIUM,34.0,In Stock,12.0,5.0,2024/01/09 16:16:50
bca25c78-3e6f-49bc-aad7-023a0735d2b1,71c706fa-fb8c-4fcf-97f6-8e841450b858,Pip Monster,SMALL,22.5,In Stock,9.0,4.0,2024/01/09 16:16:52
995497cc-ef94-4e3f-8080-422e0da78bc1,64126ac1-503a-40a5-8834-59672a4517a2,Rock-a-Bye Mouse,ONE SIZE,30.0,In Stock,7.0,4.0,2024/01/09 16:16:53
618c9d74-9e61-4b75-9d30-eb492abbf916,ec06b3a6-da78-4426-bca9-ad4164a67c44,Sweater Sausage Dog Pink,ONE SIZE,32.5,In Stock,6.0,3.0,2024/01/09 16:16:55
5880c21a-7de2-4bce-80e6-05df65cb213e,0bb01312-ffbd-4a33-8757-40f03393894d,Sweater Sausage Dog Yellow,ONE SIZE,32.5,In Stock,6.0,3.0,2024/01/09 16:16:57
f8b80221-4d5e-4da4-8dc6-4d5a714e92de,00001cdf-3e6a-40c5-995b-5f9e96931d20,Seraphina Pegasus,ONE SIZE,68.5,In Stock,9.0,20.0,2024/01/09 16:16:58
77fe97e8-060c-4362-9ec1-c7e086fa9775,daddaf32-bdb0-4412-8ce5-3626764e08b8,Sigmund Seal,ONE SIZE,50.0,In Stock,7.0,13.0,2024/01/09 16:17:00
3d23e36e-d45f-4227-8c1c-845c8ddf7c83,c985cdf6-630a-4a60-a2eb-171ae77cc3c8,Snoozling Hedgehog,ONE SIZE,36.0,In Stock,11.0,6.0,2024/01/09 16:17:02
9c3a9595-bb0b-464f-a4f6-cf2af0fe4a0b,03b521cd-ac51-4b06-975a-7738e167026a,Spindleshanks Crab,ONE SIZE,33.0,In Stock,3.0,15.0,2024/01/09 16:17:04
4e11edf3-0a40-4a93-b54a-c8b73005bfa4,81cf24e3-5739-4aaa-9701-8a8ef9bd8eb7,Splootie Elephant,ONE SIZE,68.0,In Stock,7.0,22.0,2024/01/09 16:17:07
23b71485-0331-4a46-9eb7-665e1eb30773,07de8b68-1d19-4c23-8cc8-cbba0b993d74,Birdling Robin,ONE SIZE,17.0,In Stock,4.0,3.0,2024/01/09 16:17:10
d3bb9556-320e-44ad-82cd-a80fa31a233d,cc95a1d4-fd38-4ba1-bd6c-6ff0351a813b,Shimmer Stocking Bunny,ONE SIZE,28.5,In Stock,8.0,4.0,2024/01/09 16:17:12
cac8a86a-d595-44a0-a6a0-c80bddc75243,3eff3648-1279-4a8a-8793-9f3ea201f85e,Ambalie Bear,ONE SIZE,30.0,In Stock,9.0,6.0,2024/01/09 16:17:15
edc720a5-37e2-4ed0-b80a-fb7b469c400a,07cc3f58-f51a-4ee1-80d6-c04f335d1730,Ambalie Bunny,ONE SIZE,30.0,In Stock,9.0,6.0,2024/01/09 16:17:17
bc896f34-bcea-4719-9209-8b1518cb9bf4,cff2753f-9a71-4aa5-8601-8a44de0b906b,Bashful Zebra,MEDIUM,28.0,In Stock,12.0,5.0,2024/01/09 16:17:18
42a87479-dc76-4960-bd7d-10c71c012435,c77be205-2b10-49f2-9871-baefa7bcd120,If I Were An Owl Book,ONE SIZE,13.5,In Stock,6.0,6.0,2024/01/09 16:17:20
daaef551-10ec-4923-86c7-7af3875665c9,ccb2554a-3f5d-402c-9717-4803c6a552d5,Betty Corgi,HUGE,75.0,More on the way,13.0,13.0,2024/01/09 16:17:22
258ff5af-cd1e-48aa-b1e6-23e6a42ae9cc,ccb2554a-3f5d-402c-9717-4803c6a552d5,Betty Corgi,MEDIUM,30.0,In Stock,7.0,10.0,2024/01/09 16:17:22
e99a53bc-e0f2-40ca-b3ee-4bf7e728a741,6e752774-e169-4272-9e0a-3521afee82b6,Big Spottie Giraffe,ONE SIZE,75.0,In Stock,19.0,6.0,2024/01/09 16:17:23
e3203e18-9b07-4201-874d-6d2ce4a34669,e07b73a7-e622-4fa3-839a-d586ebfd224b,Big Spottie T-Rex,ONE SIZE,75.0,In Stock,18.0,6.0,2024/01/09 16:17:25
4f847600-96e3-44ff-bbdc-405ba648357e,135354f3-4f95-4932-9f8e-492833c4f56d,Cruz Crested Newt,ONE SIZE,32.5,In Stock,12.0,4.0,2024/01/09 16:17:27
33ed99b1-3674-4ef5-9f0b-e48fa17e7688,091b4bf1-1cd2-47c1-9814-770b3cdfa161,Cooper Doodle Dog,ONE SIZE,33.0,In Stock,9.0,8.0,2024/01/09 16:17:28
656ea2b2-c02d-4a0c-a678-81812b8934e5,3507e2b9-3d90-4f89-9eb6-70bf367c1e5f,Happihoop Owl,ONE SIZE,32.0,In Stock,8.0,4.0,2024/01/09 16:17:30
1428ea56-f13f-45d1-9561-58d8a0dd48ea,32554ce3-8b95-47d5-8292-a6d7f01a1807,Harper Pup,ONE SIZE,55.0,In Stock,15.0,9.0,2024/01/09 16:17:32
3fd00982-4340-475e-a508-2ade6fff2dad,de0bac3c-56cc-4e46-9266-0ecf750b890c,Hibernating Bunny,ONE SIZE,22.0,In Stock,5.0,5.0,2024/01/09 16:17:34
1f48b53c-a1ed-447d-85a4-320943c45dca,607474c5-acde-4d7f-beb6-9d450043053b,Huddles Bunny,ONE SIZE,45.0,In Stock,9.0,6.0,2024/01/09 16:17:36
f611842f-bcd7-4767-8f68-abeaf5d42af9,7b0ac7db-c2f4-42d1-8345-fe4ec9d6ef9d,Huddles Duck,ONE SIZE,45.0,In Stock,9.0,6.0,2024/01/09 16:17:37
168fdbd3-e2ee-456f-a0b6-572da24902f5,30022b80-a0bc-42b1-845d-a846693b41a3,Jubjub Gookie,ONE SIZE,30.0,In Stock,9.0,4.0,2024/01/09 16:17:39
0bee252f-7cfb-4e92-8981-8098d9d85ff8,f4f2b6db-0c36-4910-8eb8-3b6212be3c45,Mack Mudskipper,ONE SIZE,28.5,In Stock,10.0,4.0,2024/01/09 16:17:41
13a5c158-5362-40b4-b4d8-a4f943f209fa,c801729f-c714-4fb4-aa9f-e5996c69f240,Obbie Octopus,ONE SIZE,40.0,In Stock,11.0,10.0,2024/01/09 16:17:42
ca39b1c3-de08-4c0c-8ffc-403eb2656612,fe339db7-098f-470e-9d17-22b46865fcdd,Orson Horse,ONE SIZE,35.0,In Stock,14.0,5.0,2024/01/09 16:17:44
1e2e92cd-4501-4cde-b139-dc1d4ab395c0,daf961ac-a671-46a9-a5a7-b86c7136c720,Peek-a-Boo Elly Activity Toy,ONE SIZE,32.0,In Stock,6.0,5.0,2024/01/09 16:17:46
81e4ac2e-9600-4fcb-ae16-834ce4361c31,e36bb0ff-27ce-4221-a864-debbc8645794,Penny Praying Mantis,ONE SIZE,32.5,In Stock,9.0,8.0,2024/01/09 16:17:48
045c8c96-a82e-4dbf-a00f-10f1d1580eca,54be5cbb-481a-4fd0-a720-53e208aa82a3,Ribble Dog,ONE SIZE,30.0,In Stock,14.0,4.0,2024/01/09 16:17:49
c22fac07-e5d7-4453-b198-ff6f1c88107e,52ae614d-0096-40d2-94c3-cfbc43ab0372,Ribble Elephant,ONE SIZE,30.0,In Stock,15.0,4.0,2024/01/09 16:17:51
2f38066e-797e-4704-8043-31b0f177b0fd,6090a3d6-de3d-4edd-894d-fa28122fef70,Ribble Giraffe,ONE SIZE,30.0,In Stock,16.0,4.0,2024/01/09 16:17:52
2ac49c8d-82cf-45f3-885c-bf89e3a01841,f0ae682e-2b93-4a61-8b94-313f108335c2,Rose Dragon,HUGE,120.0,In Stock,7.0,26.0,2024/01/09 16:17:55
914e394c-6f75-460f-86e6-97c5c6907501,f0ae682e-2b93-4a61-8b94-313f108335c2,Rose Dragon,MEDIUM,65.0,In Stock,5.0,20.0,2024/01/09 16:17:55
635faff0-d02f-4a94-b42c-ee7ef66e4a39,f0ae682e-2b93-4a61-8b94-313f108335c2,Rose Dragon,LITTLE,32.5,In Stock,3.0,12.0,2024/01/09 16:17:55
7960c6c5-3d1a-4a5b-a063-dedc1dd7edf0,e35d67b3-60c3-4d64-a08d-0d81d9c5944a,Ricky Rain Frog,LARGE,60.0,In Stock,10.0,12.0,2024/01/09 16:17:57
4e954e4b-9fea-4efa-b657-44adf709c279,e35d67b3-60c3-4d64-a08d-0d81d9c5944a,Ricky Rain Frog,MEDIUM,28.0,More on the way,5.0,7.0,2024/01/09 16:17:57
2d773e98-bda3-4b9d-b80f-fef96a7d78c2,1dd188b6-8260-4893-8326-ea5bdd5c0e77,Rufus Bear,LARGE,45.0,In Stock,15.0,5.0,2024/01/09 16:17:59
44d1b707-24c2-4a73-8f43-ad65a007988d,1dd188b6-8260-4893-8326-ea5bdd5c0e77,Rufus Bear,MEDIUM,27.5,In Stock,11.0,4.0,2024/01/09 16:17:59
ceca8c1f-866e-49a5-9fed-d56bc5ebc954,5842d0b3-452d-4ddd-84ff-05ffed2c0608,Snuggler Puppy,ONE SIZE,25.0,In Stock,9.0,5.0,2024/01/09 16:18:00
5c73df6e-8be3-47c2-ab7c-a3f0ceef5e5f,5ed2039a-4c5f-47d8-a1b8-13d466c1791c,Taylor Tiger,LARGE,80.0,More on the way,6.0,18.0,2024/01/09 16:18:02
fc070210-cfe6-4a6d-86f4-03f03f28ac1f,5ed2039a-4c5f-47d8-a1b8-13d466c1791c,Taylor Tiger,LITTLE,35.0,In Stock,3.0,11.0,2024/01/09 16:18:02
9e9d81db-4f38-4714-9617-a97e2a5f4069,25f99243-49a3-4cf4-943b-179b4f69cc10,Willow Hedgehog,ONE SIZE,23.5,In Stock,7.0,4.0,2024/01/09 16:18:04
953f75a3-4cd2-4df0-9e8f-c4bc0f2758fb,cff24fa8-af13-47d8-a314-624c9c6f2e4c,Wriggidig Ant,ONE SIZE,23.5,In Stock,5.0,6.0,2024/01/09 16:18:06
45c3f888-7f86-4eae-8dcf-4a0e8f61d001,87e071ae-395c-4bbb-893e-70e5cd575a18,Wriggidig Bug,ONE SIZE,23.5,In Stock,7.0,2.0,2024/01/09 16:18:08
ea6b4d23-4907-4c7d-bd35-49e95d5d57fe,d85b6efa-29d1-49d9-b0e8-613f6afdf962,Bashful Lilac Bunny,MEDIUM,28.0,In Stock,12.0,5.0,2024/01/09 16:18:10
5bfb40de-2ad5-4c78-b796-838b5f9f5015,d85b6efa-29d1-49d9-b0e8-613f6afdf962,Bashful Lilac Bunny,SMALL,18.0,Out of stock,7.0,4.0,2024/01/09 16:18:10
da604bd7-cc62-48a8-9c0c-95159e54ede0,0ff907bd-3a4c-44a6-97cb-8a2c60721ad4,Bashful Petal Bunny,MEDIUM,28.0,In Stock,12.0,5.0,2024/01/09 16:18:12
6d4806a2-3409-4944-9fb2-1ece7ab59594,0ff907bd-3a4c-44a6-97cb-8a2c60721ad4,Bashful Petal Bunny,SMALL,18.0,In Stock,7.0,4.0,2024/01/09 16:18:12
63622549-6cf8-415e-ab2e-5d472822d301,a9bc0002-5590-4f76-847c-c523fd5cc715,Bashful Fudge Bunny,MEDIUM,28.0,More on the way,12.0,5.0,2024/01/09 16:18:15
27e63edf-d08a-4459-ad3c-03ff2cade727,a9bc0002-5590-4f76-847c-c523fd5cc715,Bashful Fudge Bunny,SMALL,18.0,In Stock,7.0,4.0,2024/01/09 16:18:15
6d930c44-0352-4a7c-b44c-7d6129e98c17,f1dc396b-20fa-4fb8-a893-8c80a6131695,Who Can I Find Book,ONE SIZE,15.0,In Stock,7.0,7.0,2024/01/09 16:18:16
57e6f7e0-4f18-42b1-8b39-8a9d1261cdbc,c98c7e6a-48b2-4111-b3f7-3e5e130dc190,Blossom Sage Bunny,MEDIUM,28.0,In Stock,12.0,5.0,2024/01/09 16:18:18
46a8b320-d08c-4a61-9899-7121ec661a43,c98c7e6a-48b2-4111-b3f7-3e5e130dc190,Blossom Sage Bunny,SMALL,18.0,More on the way,7.0,4.0,2024/01/09 16:18:18
f18f3a1a-399b-4868-991b-d419c4024a48,28576cce-0154-4b29-866d-538492c70cff,Blossom Jasmine Bunny,MEDIUM,28.0,In Stock,12.0,5.0,2024/01/09 16:18:20
fed3e9bb-b8cb-4bbf-9fea-7c7214f9816e,28576cce-0154-4b29-866d-538492c70cff,Blossom Jasmine Bunny,SMALL,18.0,Returning to stock 2-3 months,7.0,4.0,2024/01/09 16:18:20
23b570f1-938c-4d25-b153-33fd2328bad2,a2423719-387e-46f9-bad2-80192c72ab3d,Bashful Blue Bunny,HUGE,67.5,Out of stock,20.0,8.0,2024/01/09 16:18:23
834c71fc-ec30-4402-9795-df6f7011883a,a2423719-387e-46f9-bad2-80192c72ab3d,Bashful Blue Bunny,MEDIUM,28.0,In Stock,12.0,5.0,2024/01/09 16:18:23
c50d24de-997a-4ff7-9f20-02f1191bf2bd,a2423719-387e-46f9-bad2-80192c72ab3d,Bashful Blue Bunny,TINY,10.0,Out of stock,5.0,2.0,2024/01/09 16:18:23
6099d9a7-0124-4d91-961a-c60cf720bfc8,4203ff9e-5054-4cca-a3e2-9302a6cfdcb2,Bashful Lilac Bunny with Personalised Cream Jumper,MEDIUM,38.0,In Stock,12.0,5.0,2024/01/09 16:18:25
7f98c2e3-7131-4a43-9161-8ced6570c6c7,d1c7b70e-3774-4b2f-beae-604b03611073,Bashful Petal Bunny with Personalised Cream Jumper,MEDIUM,38.0,In Stock,12.0,5.0,2024/01/09 16:18:27
7c861dcd-f4e1-48f8-bf6b-92eb2a97e6de,b34a3bc9-0c0d-4622-8352-56f420cc1fcc,Blossom Sage Bunny with Personalised Cream Jumper,MEDIUM,38.0,In Stock,12.0,5.0,2024/01/09 16:18:29
bfc4c800-8c00-4d7d-97e1-a3c82b2ad391,63ab4183-ff1a-4bde-85fb-b104f6544426,Blossom Jasmine Bunny with Personalised Cream Jumper,MEDIUM,38.0,In Stock,12.0,5.0,2024/01/09 16:18:31
de3b75a0-35a2-428f-bfb6-89c532a9c741,de9ece4c-770b-4673-833a-fca4f05fe646,Bashful Lilac Bunny with Personalised Navy Jumper,MEDIUM,38.0,In Stock,12.0,5.0,2024/01/09 16:18:33
f1546623-0f27-4e15-b845-314b3a03bf37,fac184d4-89e0-4bdf-95ab-aaf5fdb1a7b8,Bashful Petal Bunny with Personalised Navy Jumper,MEDIUM,38.0,In Stock,12.0,5.0,2024/01/09 16:18:35
a10e2115-eb03-4e1e-a470-641b699ae8fb,6c71faaa-a4b8-4e09-aa79-711cdf519e16,Blossom Sage Bunny with Personalised Navy Jumper,MEDIUM,38.0,In Stock,12.0,5.0,2024/01/09 16:18:37
fdbd7e60-4620-4857-a68e-3f930ff3c472,3ceff3b6-f8b0-4cca-be81-b25c1e28d9f0,Blossom Jasmine Bunny with Personalised Navy Jumper,MEDIUM,38.0,In Stock,12.0,5.0,2024/01/09 16:18:39
2cb4af07-8c88-4778-af89-9b49393e8b36,0ff8d711-3dc1-4e92-b4b7-cc2c6ff57b52,Bashful Lilac Bunny with Personalised Red Jumper,MEDIUM,38.0,In Stock,12.0,5.0,2024/01/09 16:18:41
19e9f711-6af5-4fd3-a85c-f0e2de8d0562,81af7f3d-964a-4f34-a584-521426fd0d01,Bashful Petal Bunny with Personalised Red Jumper,MEDIUM,38.0,In Stock,12.0,5.0,2024/01/09 16:18:43
3ea81465-4c97-4d87-b7e4-5ad365451ba3,502b97a0-febe-4894-88a4-6e9add925587,Blossom Sage Bunny with Personalised Red Jumper,MEDIUM,38.0,In Stock,12.0,5.0,2024/01/09 16:18:45
7280eaf9-0d5c-47ff-8b0b-96c690c68d28,58a8d550-5547-471c-a0e9-61042229d4ce,Blossom Jasmine Bunny with Personalised Red Jumper,MEDIUM,38.0,In Stock,12.0,5.0,2024/01/09 16:18:47
e513a8de-baa2-4ccd-a48d-140694510fd3,1d426bd3-2b9b-4573-9f66-3485957daf44,Personalised Bashful Lilac Bunny Medium,MEDIUM,34.0,In Stock,12.0,5.0,2024/01/09 16:18:49
1d6105a7-f6b2-4a0f-8890-e98baffbfebd,7b0e05e8-549b-4f8e-a851-24a5413c4cdb,Personalised Bashful Petal Bunny Medium,MEDIUM,34.0,In Stock,12.0,5.0,2024/01/09 16:18:51
04c3525e-a90a-442b-b27f-246cbdeb95dc,404f92f7-cd7d-428b-a5f3-a3c0044ba91b,Alice Axolotl,MEDIUM,32.5,In Stock,11.0,5.0,2024/01/09 16:18:53
20370693-b1ea-43da-904c-241d3f8f3d2b,404f92f7-cd7d-428b-a5f3-a3c0044ba91b,Alice Axolotl,SMALL,22.0,In Stock,7.0,2.0,2024/01/09 16:18:53
bb0d026f-03f3-4a71-bbad-b3fece0b970f,02b50499-89bc-4f2a-91e3-578b94f2aeff,Bashful Shimmer Bunny,MEDIUM,28.0,In Stock,12.0,5.0,2024/01/09 16:18:55
a2fbcfe2-8825-44b2-b202-025ba67c280d,02b50499-89bc-4f2a-91e3-578b94f2aeff,Bashful Shimmer Bunny,SMALL,18.0,In Stock,7.0,4.0,2024/01/09 16:18:55
bda9cb7d-112e-4fd4-a814-67cdbc5984f5,58c4457f-f458-4c33-9637-9453d5c4eed1,If I Were A Pony Book,ONE SIZE,13.5,In Stock,6.0,6.0,2024/01/09 16:18:56
545fab80-b5ac-402b-82bc-86863f232b83,e764c14f-cc14-4bec-8fac-5bea5481106d,Blossom Bea Beige Bunny Comforter,ONE SIZE,17.0,In Stock,10.0,9.0,2024/01/09 16:18:58
0600d338-0dac-46a3-b35c-38b942cc1a8d,c4a8b544-6441-44d4-94c5-de63b4dbc36c,Cozy Crew Octopus,ONE SIZE,25.0,In Stock,8.0,4.0,2024/01/09 16:19:00
782ef1cb-1d53-4191-bad6-82607535512f,50d0f477-0473-49e5-9d7d-a8e79cf8dbee,Fossilly Stegosaurus,MEDIUM,38.0,In Stock,6.0,5.0,2024/01/09 16:19:02
67f51e93-2942-4557-be89-b9478dccf803,50d0f477-0473-49e5-9d7d-a8e79cf8dbee,Fossilly Stegosaurus,SMALL,15.0,More on the way,3.0,2.0,2024/01/09 16:19:02
04a11700-ecc8-42b9-9c56-cabbb6bdb05e,8b4006d3-7adb-4de3-8fd3-afdf34c94178,Fuddlewuddle Lion Soother,ONE SIZE,25.0,In Stock,13.0,13.0,2024/01/09 16:19:03
9a8b71be-8c44-4156-8694-c0bcafe07fc1,4446503d-f8bc-45bc-a413-85778cdf04cf,Bashful Inky Bunny with Personalised Cream Jumper,MEDIUM,38.0,In Stock,12.0,5.0,2024/01/09 16:19:05
a26f6d76-cc07-46b9-b8da-b3e7f9ead66e,7a16e9ac-6f5d-46e3-beea-d22f7779a1b5,Bashful Shimmer Bunny with Personalised Cream Jumper,MEDIUM,38.0,In Stock,12.0,5.0,2024/01/09 16:19:07
d4eba936-c0eb-4acc-9422-0c4046ecfad3,d8bb6686-b09e-4b09-b1af-269017dffd9b,Bashful Inky Bunny with Personalised Navy Jumper,MEDIUM,38.0,In Stock,12.0,5.0,2024/01/09 16:19:09
04662778-a510-4c6b-9396-384a48ad7173,8ce61fb5-eb64-47d9-a774-e8ec810359a7,Bashful Shimmer Bunny with Personalised Navy Jumper,MEDIUM,38.0,In Stock,12.0,5.0,2024/01/09 16:19:11
bacf5907-a468-4c75-8a26-81ede7b11a9f,cc913691-ce33-421a-9f15-98866885eaea,Bashful Inky Bunny with Personalised Red Jumper,MEDIUM,38.0,In Stock,12.0,5.0,2024/01/09 16:19:13
16d1377f-3422-4617-97f5-9bd2c5b767e9,04195e88-a1da-4aa5-8448-a943cfee82a4,Bashful Shimmer Bunny with Personalised Red Jumper,MEDIUM,38.0,In Stock,12.0,5.0,2024/01/09 16:19:15
ee664de2-c659-456c-acb0-68f6dc836042,e0729803-ac09-4844-a61f-83d670d24b85,Lingley Bunny Soother,ONE SIZE,20.0,In Stock,11.0,7.0,2024/01/09 16:19:16
0fd9363c-7f67-495c-81d7-5ca8d3afdf26,33a04798-d2cc-45cc-bf9d-f0ba36795440,Lingley Elephant Soother,ONE SIZE,20.0,In Stock,11.0,7.0,2024/01/09 16:19:18
1aea9ff8-c9a8-4039-bda1-249b0df2b02b,53e71d6b-a5d0-452c-9d0c-415c6e1c3a2c,Tartan Lottie Bunny,ONE SIZE,27.5,In Stock,11.0,4.0,2024/01/09 16:19:20
1ada9fe1-f87d-4fc7-a76c-7c1186a586bc,9c422e16-cddf-4416-8937-4e83340357aa,Onyx Dragon,HUGE,120.0,Out of stock,7.0,26.0,2024/01/09 16:19:22
eefbf932-7ec9-4d34-9a86-65110199dbb7,9c422e16-cddf-4416-8937-4e83340357aa,Onyx Dragon,MEDIUM,65.0,In Stock,5.0,20.0,2024/01/09 16:19:22
64286ab7-156a-445f-aeab-a6d65851882a,9c422e16-cddf-4416-8937-4e83340357aa,Onyx Dragon,LITTLE,32.5,More on the way,3.0,12.0,2024/01/09 16:19:22
effb4d09-0a71-47c4-9ce7-5d0f9e3fa2b5,f1f75994-b5e4-44fc-b476-e50a0c4f82f0,Personalised Bashful Shimmer Bunny Medium,MEDIUM,34.0,In Stock,12.0,5.0,2024/01/09 16:19:24
bc105f75-adec-43f4-8fec-f3faf3fbbf28,81c81a14-2c3f-4db5-a1e5-3232fcb78b70,Personalised Fuddlewuddle Lion Soother,ONE SIZE,31.0,In Stock,13.0,13.0,2024/01/09 16:19:26
94e164f4-eae1-40a8-8494-350aeb4d6ad2,43945b4e-439a-42db-bd2a-094748e24df5,Bashful Pink Bunny,HUGE,67.5,Out of stock,20.0,8.0,2024/01/09 16:19:29
c33841a3-cf2c-4cac-b3ee-6a2dcac2ad95,43945b4e-439a-42db-bd2a-094748e24df5,Bashful Pink Bunny,LARGE,43.0,Out of stock,14.0,6.0,2024/01/09 16:19:29
a38ba62d-6987-40b9-abaa-53a66490f348,43945b4e-439a-42db-bd2a-094748e24df5,Bashful Pink Bunny,MEDIUM,28.0,In Stock,12.0,5.0,2024/01/09 16:19:29
14dba6fc-2b4a-4fba-82b9-4f3b85124fe3,43945b4e-439a-42db-bd2a-094748e24df5,Bashful Pink Bunny,TINY,10.0,Out of stock,5.0,2.0,2024/01/09 16:19:29
c44ae501-dcf5-42d5-9a0c-b03a6c0a0589,32e0f9d1-5825-43fc-bf29-3638387681f3,Personalised Onyx Dragon Huge,HUGE,126.0,In Stock,7.0,26.0,2024/01/09 16:19:31
e3a943b0-2f7c-4def-8daa-a1ef602480d3,a6d2be5f-f577-4f48-87aa-b4aceeb27959,Personalised Snow Dragon Huge,HUGE,126.0,In Stock,7.0,26.0,2024/01/09 16:19:34
caa11ae9-6ac5-4074-a0e0-dc1a9dc391a3,42c20354-c8be-4fd6-be9e-1d1a6425d769,Rumpletum Lion,ONE SIZE,40.0,In Stock,11.0,8.0,2024/01/09 16:19:36
6c616081-2858-4c76-a75c-5789977a2ec8,dda0b7a6-5552-4681-8391-5e8468a16ce9,Snuggler Cat,ONE SIZE,25.0,In Stock,9.0,5.0,2024/01/09 16:19:40
5c842a49-a7c0-4cd2-9d99-4ee0ef5cdb7c,eed2a8b4-c28e-4ffa-a926-9672643f47f9,Cordy Roy Baby Bunny Soother,ONE SIZE,23.0,In Stock,11.0,9.0,2024/01/09 16:19:42
7b96d244-29e2-4556-a435-a9ac66317b71,64909d7a-e63d-444f-9309-4540f75f3b10,Cordy Roy Baby Lion Soother,ONE SIZE,23.0,In Stock,11.0,9.0,2024/01/09 16:19:44
5e27abe3-70dc-44cf-8b76-f7e843cdaf11,32922e20-7501-4dd9-9ae2-a2bfbfa2014f,Bashful Tiger,HUGE,80.0,In Stock,20.0,8.0,2024/01/09 16:19:46
78d823da-ca95-4c97-8f95-e62c282dc035,32922e20-7501-4dd9-9ae2-a2bfbfa2014f,Bashful Tiger,MEDIUM,28.0,More on the way,12.0,5.0,2024/01/09 16:19:46
d0cf82a6-7a07-43ce-ae26-9a587c609a34,32922e20-7501-4dd9-9ae2-a2bfbfa2014f,Bashful Tiger,SMALL,18.0,In Stock,7.0,4.0,2024/01/09 16:19:46
864d9bde-539e-43a5-8c28-0228fc523664,239ff051-cac4-4e41-b9cd-352e59a336c9,Bashful Cerise Bunny,MEDIUM,28.0,Out of stock,12.0,5.0,2024/01/09 16:19:49
d1645fe2-f313-44f4-aa6b-8975e373a2d3,239ff051-cac4-4e41-b9cd-352e59a336c9,Bashful Cerise Bunny,SMALL,18.0,In Stock,7.0,4.0,2024/01/09 16:19:49
a89bffa2-b922-43e6-8400-f814002759bb,711a4b0d-b24b-4964-b7bf-39b44c79b509,Beatrice Butterfly,LARGE,33.0,In Stock,8.0,13.0,2024/01/09 16:19:51
65d4413a-a836-416c-8efb-049398fa9a26,c685d506-e3c8-4520-b05d-3dc5096d383c,Little Me Book,ONE SIZE,15.0,In Stock,8.0,8.0,2024/01/09 16:19:53
b9878dde-4e4b-49cd-b905-3db5bea79150,b315d51e-6a40-46e6-bbca-298024bb0a9b,Blossom Dusky Blue Bunny,MEDIUM,28.0,In Stock,12.0,5.0,2024/01/09 16:19:56
98df2341-9948-455f-9859-e7327978f4b2,b315d51e-6a40-46e6-bbca-298024bb0a9b,Blossom Dusky Blue Bunny,SMALL,18.0,In Stock,7.0,4.0,2024/01/09 16:19:56
d243ea8b-b111-4536-8a3a-c464c9fbe8f9,0dc15082-f8bc-4d0c-9ebd-53d5c22c1496,Fossilly T-Rex,MEDIUM,38.0,In Stock,11.0,6.0,2024/01/09 16:19:58
0894c207-0f01-446a-b1d5-65d76ad07efc,0dc15082-f8bc-4d0c-9ebd-53d5c22c1496,Fossilly T-Rex,SMALL,15.0,More on the way,5.0,3.0,2024/01/09 16:19:58
c77bb89d-36e0-4d5d-b46e-13380f4e5e82,e09f84a1-345f-45f2-a500-445fd834f330,Bashful Dusky Blue Bunny with Personalised Cream Jumper,MEDIUM,38.0,In Stock,12.0,5.0,2024/01/09 16:20:01
a4e56752-f0ec-43be-ae55-e6a51bf3a0d5,ee95a1e5-4c3f-4d8a-96db-5a1b8038748e,Bashful Lion with Personalised Cream Jumper,MEDIUM,38.0,In Stock,12.0,5.0,2024/01/09 16:20:04
424fadfc-e554-423e-9742-98c74fec3de6,b3d59863-d308-48b8-86a0-ffb2573d3ed8,Bashful Tiger with Personalised Cream Jumper,MEDIUM,38.0,In Stock,12.0,5.0,2024/01/09 16:20:06
90dad77d-09c0-4479-8893-ee69310355ba,0bf472fb-9eb8-4420-9a4f-9bdba9cf20d2,Blossom Dusky Blue with Personalised Cream Jumper,MEDIUM,38.0,In Stock,12.0,5.0,2024/01/09 16:20:11
b0cc4f65-b5a7-4816-9a58-7cfd5b955120,2b95cfac-9ae3-4f85-9e34-31a3f0e78f77,Blossom Bea Beige Bunny with Personalised Cream Jumper,MEDIUM,38.0,In Stock,12.0,5.0,2024/01/09 16:20:14
972a2f17-b7f3-4044-8a22-f616e42bc4fd,bda8c224-bd91-4d6b-abcc-1d9e6a2418c8,Bashful Dusky Blue Bunny with Personalised Navy Jumper,MEDIUM,38.0,In Stock,12.0,5.0,2024/01/09 16:20:16
de41eeb3-56e8-476e-944b-d2a763d1c5ab,1ae89535-465a-4209-a316-282e7fb95854,Bashful Lion with Personalised Navy Jumper,MEDIUM,38.0,In Stock,12.0,5.0,2024/01/09 16:20:18
f3cece21-0248-4b80-9d63-a008a7174e43,fc8dd0d3-1f52-4d05-8807-98de6c8965b5,Bashful Tiger with Personalised Navy Jumper,MEDIUM,38.0,In Stock,12.0,5.0,2024/01/09 16:20:20
4768afa3-87c9-430e-8cc5-4802b1b1418e,ccd75103-f5be-4d11-9dd0-10a3d4ed255b,Blossom Dusky Blue with Personalised Navy Jumper,MEDIUM,38.0,In Stock,12.0,5.0,2024/01/09 16:20:22
44fc76df-757a-419c-a559-556414113d9a,d8cbc211-f1cc-4061-8063-903d38f668cb,Blossom Bea Beige Bunny with Personalised Navy Jumper,MEDIUM,38.0,In Stock,12.0,5.0,2024/01/09 16:20:24
57f7bbd4-396a-4daa-88f6-60832ee2735c,3ba78218-9b78-4c38-9cb3-f7eb5a923fc7,Bashful Dusky Blue Bunny with Personalised Red Jumper,MEDIUM,38.0,In Stock,12.0,5.0,2024/01/09 16:20:26
17d8343b-420d-4409-9b69-c16aae541793,1b8d7f18-972c-42b9-bc1d-c1ebb8bc19dd,Bashful Lion with Personalised Red Jumper,MEDIUM,38.0,In Stock,12.0,5.0,2024/01/09 16:20:28
605175da-139b-4a15-b4fc-c50cb3d9ebc3,9ff804aa-311d-4e44-a6ad-506b1cf31b40,Bashful Tiger with Personalised Red Jumper,MEDIUM,38.0,In Stock,12.0,5.0,2024/01/09 16:20:30
758914c4-4a59-49c5-b484-528ccdc6197e,d2cbd95a-5b16-42fb-9948-d5b249d67ebc,Blossom Dusky Blue Bunny with Personalised Red Jumper,MEDIUM,38.0,In Stock,12.0,5.0,2024/01/09 16:20:32
081dcd18-a949-40d1-878c-2194be9d0661,a04607bb-0e46-44bf-9e3f-6207f9dd3fc2,Blossom Bea Beige Bunny with Personalised Red Jumper,MEDIUM,38.0,In Stock,12.0,5.0,2024/01/09 16:20:34
f36c1363-252b-4ce1-85b1-0d5ba77abbfc,4fad27d6-fb6a-460c-975a-0c9874a19a71,Odyssey Octopus,REALLY BIG,130.0,More on the way,30.0,12.0,2024/01/09 16:20:36
c8044d8f-a373-4fac-aaa8-f25f8f867f2d,4fad27d6-fb6a-460c-975a-0c9874a19a71,Odyssey Octopus,HUGE,68.5,Out of stock,21.0,9.0,2024/01/09 16:20:36
c23567c7-82ef-4420-bf09-466cd1099c4b,4fad27d6-fb6a-460c-975a-0c9874a19a71,Odyssey Octopus,LARGE,53.0,More on the way,19.0,7.0,2024/01/09 16:20:36
aed7b283-4e0e-4b0b-b7e8-c6bc6b0f8048,4fad27d6-fb6a-460c-975a-0c9874a19a71,Odyssey Octopus,LITTLE,30.0,In Stock,9.0,4.0,2024/01/09 16:20:36
8d937c4d-5971-47e6-bb2d-94f0044ecf54,4fad27d6-fb6a-460c-975a-0c9874a19a71,Odyssey Octopus,TINY,18.0,In Stock,6.0,3.0,2024/01/09 16:20:36
e5b899de-4727-47b0-bda9-9bc38371fa10,5392c6aa-3af1-4a60-9d32-2d43d01b1011,Sage Dragon,HUGE,120.0,More on the way,7.0,26.0,2024/01/09 16:20:38
c51af610-c61e-4729-89ba-56373e565cae,5392c6aa-3af1-4a60-9d32-2d43d01b1011,Sage Dragon,MEDIUM,65.0,Returning to stock 2-3 months,5.0,20.0,2024/01/09 16:20:38
5c3db07d-d21b-40c5-942e-0f092a78e437,5392c6aa-3af1-4a60-9d32-2d43d01b1011,Sage Dragon,LITTLE,32.5,In Stock,3.0,12.0,2024/01/09 16:20:38
fdd9d747-c19c-4ebf-a096-66acf0e65c63,2c75bbe6-f9e1-4a1d-bd0d-44460fc810ef,Sienna Seahorse,MEDIUM,30.0,More on the way,11.0,4.0,2024/01/09 16:20:40
7aed8256-d9ba-4d92-8c47-4509820b6b73,2c75bbe6-f9e1-4a1d-bd0d-44460fc810ef,Sienna Seahorse,SMALL,20.0,In Stock,7.0,2.0,2024/01/09 16:20:40
60421fb7-bb86-4fc1-a251-4db64e825756,f8110862-d70e-4617-ac25-824fc92598e0,Bashful Plum Bunny,HUGE,80.0,Out of stock,20.0,8.0,2024/01/09 16:20:43
c253f4b6-5227-40c4-b596-1022b6a5ec1d,f8110862-d70e-4617-ac25-824fc92598e0,Bashful Plum Bunny,MEDIUM,25.0,Out of stock,12.0,5.0,2024/01/09 16:20:43
4b7324fe-a6e5-45c6-85f4-3a41d8fae475,f8110862-d70e-4617-ac25-824fc92598e0,Bashful Plum Bunny,SMALL,18.0,In Stock,7.0,4.0,2024/01/09 16:20:43
bd707911-7ee1-49fb-b16d-11a930a9c255,06b4a352-37c7-4a44-9b1f-4f16c6cde636,Fossilly Brontosaurus,MEDIUM,38.0,In Stock,10.0,5.0,2024/01/09 16:20:45
8d7bb367-6204-4901-a5a6-f4f625b1b830,06b4a352-37c7-4a44-9b1f-4f16c6cde636,Fossilly Brontosaurus,SMALL,15.0,More on the way,3.0,2.0,2024/01/09 16:20:45
e8468c40-f41e-4c6a-b3f4-d9ed83502510,59c60793-ed72-403f-a777-5108007372be,Fossilly Triceratops,MEDIUM,38.0,In Stock,7.0,4.0,2024/01/09 16:20:47
fc21b023-31f1-4859-bcd2-63534e9ec6b7,59c60793-ed72-403f-a777-5108007372be,Fossilly Triceratops,SMALL,15.0,Out of stock,4.0,2.0,2024/01/09 16:20:47
300b8a9b-a9ef-4ffc-a597-bc318f1a4f51,0063c4fc-1cc0-404d-a685-b2da0cc65641,Bashful Fudge Puppy with Personalised Cream Jumper,MEDIUM,38.0,In Stock,12.0,5.0,2024/01/09 16:20:49
01ff1e7f-50b8-443f-baf5-b06efe230d96,1fd3c7af-23bd-40e2-9599-aac7973d5b74,Bashful Fudge Puppy with Personalised Navy Jumper,MEDIUM,38.0,In Stock,12.0,5.0,2024/01/09 16:20:51
343554fa-0968-41b0-a506-3cc13330bb4d,a7e3521d-f864-4cb3-8661-982c43f87b3f,Fuddlewuddle Puppy,MEDIUM,30.0,In Stock,9.0,5.0,2024/01/09 16:20:52
aae4a08a-a827-4101-890d-62fd4b9f3017,59eb6338-dfcd-4bd3-b33c-f8ac3bf0fcac,Bashful Fudge Puppy with Personalised Red Jumper,MEDIUM,38.0,In Stock,12.0,5.0,2024/01/09 16:20:54
0eb74d30-0dc5-4ac7-9745-a069bd2936f3,d000a72d-1e37-4fc9-92e1-7b4448b214b3,Snow Dragon,HUGE,120.0,In Stock,7.0,26.0,2024/01/09 16:20:57
0f32f91b-4026-4448-b9aa-9c1b954eb5cb,d000a72d-1e37-4fc9-92e1-7b4448b214b3,Snow Dragon,MEDIUM,65.0,In Stock,5.0,20.0,2024/01/09 16:20:57
19954978-e681-46bb-b8c8-9089e85532be,d000a72d-1e37-4fc9-92e1-7b4448b214b3,Snow Dragon,LITTLE,32.5,In Stock,3.0,12.0,2024/01/09 16:20:57
e77a3d52-8c62-4f0c-9baf-43291f789c35,769dac87-00dc-4211-a164-45ffc0e84bb1,Blossom Blush Bunny,LARGE,43.0,Out of stock,14.0,6.0,2024/01/09 16:20:59
381fbb64-d3d0-4d2f-864a-8af727b35d4d,769dac87-00dc-4211-a164-45ffc0e84bb1,Blossom Blush Bunny,MEDIUM,28.0,Out of stock,12.0,5.0,2024/01/09 16:20:59
05e02062-47e3-41f6-a72b-c5522b1f8438,769dac87-00dc-4211-a164-45ffc0e84bb1,Blossom Blush Bunny,SMALL,18.0,In Stock,7.0,4.0,2024/01/09 16:20:59
b6e1b72a-00ce-49e6-badb-4b4cd80a8ceb,5bde7efa-9c04-4151-b3ad-474173eb6387,Blossom Blush Bunny with Personalised Cream Jumper,MEDIUM,38.0,In Stock,12.0,5.0,2024/01/09 16:21:01
9336b2c3-70fb-4834-9da2-c138209cae4e,3ff38922-0ebe-4584-a120-b332a706bcdf,Blossom Blush Bunny with Personalised Navy Jumper,MEDIUM,38.0,In Stock,12.0,5.0,2024/01/09 16:21:03
1aad1346-4425-4981-8ac3-272fc78f053f,cce3cf33-a362-4974-8768-d7beaaaee34b,Blossom Blush Bunny with Personalised Red Jumper,MEDIUM,38.0,In Stock,12.0,5.0,2024/01/09 16:21:05
57a1c993-59e6-496c-9ec0-9b8fe82579dd,1b3a01e1-a365-411c-96c5-7bd4cc31908f,Little Bunny,ONE SIZE,22.0,In Stock,7.0,4.0,2024/01/09 16:21:07
628fe8d3-158e-4299-a4d0-53cdde6bd0a7,1b78d241-50ea-4a5a-b8d1-a59a046803d7,Personalised Odell Octopus Soother,ONE SIZE,31.0,In Stock,13.0,13.0,2024/01/09 16:21:09
5ca5b9e4-e5d5-4483-92eb-45344b498696,ecf72cc5-6a99-4b39-94c5-167f43d319db,Wiley Whale,HUGE,90.0,In Stock,8.0,31.0,2024/01/09 16:21:11
e3248263-b527-4f80-9a0c-c79ef567e5fd,ecf72cc5-6a99-4b39-94c5-167f43d319db,Wiley Whale,LARGE,53.0,In Stock,7.0,20.0,2024/01/09 16:21:11
c851938d-09a7-4029-8a07-b183941c4547,40e76a86-3839-4138-b326-94128d4655f4,Bailey Sloth,MEDIUM,35.0,In Stock,16.0,3.0,2024/01/09 16:21:13
84ab123e-037e-49fa-a95e-3a264b73b689,40e76a86-3839-4138-b326-94128d4655f4,Bailey Sloth,SMALL,28.0,Out of stock,13.0,2.0,2024/01/09 16:21:13
906059be-41df-43ac-acc7-74b0491c0e97,a464a5a2-3304-46a8-b357-d74f90c2676d,Storm Octopus,LARGE,53.0,In Stock,19.0,7.0,2024/01/09 16:21:15
c2a5e507-aef2-4afb-9591-90ca4e0f632e,a464a5a2-3304-46a8-b357-d74f90c2676d,Storm Octopus,LITTLE,30.0,Returning to stock 3-4 weeks,9.0,4.0,2024/01/09 16:21:15
8e2c4adc-8bc0-442f-b418-c6064ec5d614,a464a5a2-3304-46a8-b357-d74f90c2676d,Storm Octopus,TINY,18.0,More on the way,6.0,3.0,2024/01/09 16:21:15
1a030d88-a647-4494-ab57-c3a10884668a,365410f9-a9d0-41ef-bf3f-d494502a6abc,Bashful Dragon,VERY BIG,275.0,In Stock,43.0,18.0,2024/01/09 16:21:18
05a4d619-5e79-4bce-b511-4f4bf2c8c734,365410f9-a9d0-41ef-bf3f-d494502a6abc,Bashful Dragon,REALLY BIG,125.0,More on the way,26.0,12.0,2024/01/09 16:21:18
d13782f4-ddf6-46fa-9fec-447739f03a67,365410f9-a9d0-41ef-bf3f-d494502a6abc,Bashful Dragon,HUGE,69.5,Out of stock,20.0,8.0,2024/01/09 16:21:18
2b4fb67d-e13c-45da-908b-839150093b4a,365410f9-a9d0-41ef-bf3f-d494502a6abc,Bashful Dragon,MEDIUM,28.0,More on the way,12.0,5.0,2024/01/09 16:21:18
b6973c9d-64ed-4a7e-ad3e-8b0c6cbad53b,365410f9-a9d0-41ef-bf3f-d494502a6abc,Bashful Dragon,SMALL,18.0,In Stock,7.0,4.0,2024/01/09 16:21:18
88a24737-26fc-4bbc-af94-dee56ef57f9f,1320124f-4ae8-415b-b29f-01d9b9aab6f8,Bashful Dino,VERY BIG,275.0,In Stock,43.0,18.0,2024/01/09 16:21:20
5896e0e3-bc01-4d4a-ba0d-d48b8e94be14,1320124f-4ae8-415b-b29f-01d9b9aab6f8,Bashful Dino,REALLY BIG,125.0,In Stock,26.0,12.0,2024/01/09 16:21:20
3670f2b5-0e6a-467c-919d-140a67ae7875,1320124f-4ae8-415b-b29f-01d9b9aab6f8,Bashful Dino,HUGE,80.0,In Stock,20.0,8.0,2024/01/09 16:21:20
173a5b55-620f-40a5-b9d1-077d226ec7e0,1320124f-4ae8-415b-b29f-01d9b9aab6f8,Bashful Dino,MEDIUM,28.0,In Stock,12.0,5.0,2024/01/09 16:21:20
f7b59ff8-3052-43f9-8fad-95d6c38259b1,1320124f-4ae8-415b-b29f-01d9b9aab6f8,Bashful Dino,SMALL,18.0,More on the way,7.0,4.0,2024/01/09 16:21:20
642afdb1-50ce-49ff-84ce-698c505f79af,956e6348-210a-4e9b-844c-a71ad3fda82d,Bashful Turtle,MEDIUM,28.0,Returning to stock 2-3 months,12.0,5.0,2024/01/09 16:21:22
267764f3-76c6-4a9d-b9c3-9d27e88e8e67,956e6348-210a-4e9b-844c-a71ad3fda82d,Bashful Turtle,SMALL,18.0,In Stock,7.0,4.0,2024/01/09 16:21:22
7c2f6c06-60b7-4fa7-8839-11aa415e2919,510f62a4-98a0-44b7-8c53-dea3d8a6d248,Elly Ballerina Book,ONE SIZE,15.0,In Stock,12.0,,2024/01/09 16:21:24
457d65cf-49b6-4101-872b-e1c30c37c1f6,2e0c5536-73ad-4219-9c3d-5c5ef2b03a3b,Livi Leopard,LARGE,80.0,In Stock,5.0,18.0,2024/01/09 16:21:26
12a7475e-402e-4f4e-a224-373ea90c3c58,2e0c5536-73ad-4219-9c3d-5c5ef2b03a3b,Livi Leopard,LITTLE,35.0,Out of stock,3.0,11.0,2024/01/09 16:21:26
426e7141-8f2a-415a-a6e5-e69a2ef370cd,d00b6a1f-3ca1-46fd-8814-944d9b0bd006,Bashful Navy Bunny,MEDIUM,28.0,In Stock,12.0,5.0,2024/01/09 16:21:28
b6ce44d5-f2b3-4915-9509-f870d152d742,d00b6a1f-3ca1-46fd-8814-944d9b0bd006,Bashful Navy Bunny,SMALL,18.0,In Stock,7.0,4.0,2024/01/09 16:21:28
8a0ebe23-0242-48d2-b0e7-24969d17f7cd,64fbf953-44dd-4cad-90d6-c96ed306cee3,Bashful Navy Bunny with Personalised Cream Jumper,MEDIUM,38.0,In Stock,12.0,5.0,2024/01/09 16:21:30
b28bd0fb-05a0-42e6-8885-9aa7c621ede2,fe266088-0128-4512-8eeb-680703cd7e2c,Bashful Navy Bunny with Personalised Red Jumper,MEDIUM,38.0,In Stock,12.0,5.0,2024/01/09 16:21:32
667d56ec-6695-49fe-a744-4d57f1767b6a,2224d9d0-7d5a-4f1c-a369-02f4d60699b4,Personalised Bashful Navy Bunny Medium,MEDIUM,34.0,In Stock,12.0,5.0,2024/01/09 16:21:35
034e3ccf-95db-4f0e-85a0-fa4dbe7633bf,519def96-8af9-4df7-8106-e97b3321b8f1,Bashful Blush Bunny,HUGE,80.0,Out of stock,20.0,8.0,2024/01/09 16:21:37
c1e3be0f-c424-46d8-afa7-d6b82b434bf4,519def96-8af9-4df7-8106-e97b3321b8f1,Bashful Blush Bunny,MEDIUM,28.0,In Stock,12.0,5.0,2024/01/09 16:21:37
af0dd1af-b9a2-4fea-8c2f-f51b237b6b23,519def96-8af9-4df7-8106-e97b3321b8f1,Bashful Blush Bunny,SMALL,18.0,In Stock,7.0,4.0,2024/01/09 16:21:37
b0af3992-c0df-46f4-9570-1d8a34f74b13,2e68d9c1-10be-4e2f-a41d-9157fb915d80,Bashful Giraffe,MEDIUM,28.0,In Stock,12.0,5.0,2024/01/09 16:21:39
997f174e-a88a-4f8b-a90c-60fb44defc70,2e68d9c1-10be-4e2f-a41d-9157fb915d80,Bashful Giraffe,SMALL,18.0,Returning to stock 2-3 months,7.0,4.0,2024/01/09 16:21:39
99882908-ef56-4938-bb02-1e90d72acff6,9f8673a8-3e5b-495d-813e-eaf0eacc262c,My Friend Bunny Book,ONE SIZE,15.0,In Stock,9.0,9.0,2024/01/09 16:21:41
25bbb0e3-f2ab-411e-be87-935b4335d637,e356f8e6-2bda-4bd1-881b-324de2cfb230,Bashful Blue Bunny Blanket,ONE SIZE,45.0,In Stock,40.0,30.0,2024/01/09 16:21:43
1dbd7445-92fd-4a66-a499-f66da5ab100f,0a7cf1c0-9c19-4b5f-a7d1-94817c9bb4ef,Bashful Pink Bunny Blanket,ONE SIZE,45.0,In Stock,40.0,30.0,2024/01/09 16:21:45
483d5534-3ea2-4c2f-a36f-b211cab8b54b,3512cd05-18fa-4511-ab8d-6dcc7c7845ba,Harry Panda Cub,HUGE,120.0,Out of stock,20.0,10.0,2024/01/09 16:21:47
6d1eca6f-b896-4bbe-b48c-4860ecff6d24,3512cd05-18fa-4511-ab8d-6dcc7c7845ba,Harry Panda Cub,LARGE,65.0,More on the way,15.0,8.0,2024/01/09 16:21:47
95bf7138-e0c1-42d5-9b5e-11750a208797,3512cd05-18fa-4511-ab8d-6dcc7c7845ba,Harry Panda Cub,MEDIUM,35.0,In Stock,11.0,6.0,2024/01/09 16:21:47
06b6f21e-b698-49a7-afea-5edfb802aac2,3512cd05-18fa-4511-ab8d-6dcc7c7845ba,Harry Panda Cub,TINY,13.0,Out of stock,5.0,3.0,2024/01/09 16:21:47
3a1a3db4-d8af-4eb6-85ea-d929635d9a74,8680e4da-e671-408c-9c30-6e1a633bad4e,Bashful Giraffe with Personalised Cream Jumper,MEDIUM,38.0,In Stock,12.0,5.0,2024/01/09 16:21:49
fc5ebc13-96d9-4ea8-b4bb-12468db69a01,90cf7842-1bb6-4557-ab1f-ae21b3eafc97,Bashful Giraffe with Personalised Navy Jumper,MEDIUM,38.0,In Stock,12.0,5.0,2024/01/09 16:21:50
a4ee1ebd-2114-4d0a-96e9-51eea3f4f05c,c5904a70-6fb3-40c7-8781-df0ffdecc9e1,Bashful Giraffe with Personalised Red Jumper,MEDIUM,38.0,In Stock,12.0,5.0,2024/01/09 16:21:52
e9334850-5373-4cc8-b96c-08cc1f1c49e1,6f313abb-9772-4d97-8047-4c0e41ac4853,Bashful Lamb with Personalied Red Jumper,MEDIUM,38.0,In Stock,12.0,5.0,2024/01/09 16:21:55
c407eefe-9d31-48ef-828a-8530c9e6cd5f,bb70bb49-ba93-4122-a03e-ffe8dc4f7bd4,Larry Lobster,MEDIUM,33.0,In Stock,11.0,4.0,2024/01/09 16:21:57
e60a24f5-cd0a-4595-8f47-8953ec8c5414,bb70bb49-ba93-4122-a03e-ffe8dc4f7bd4,Larry Lobster,SMALL,25.0,Returning to stock 2-3 months,8.0,3.0,2024/01/09 16:21:57
410d8503-73fe-4a4a-8d73-69a1fe2073ca,b51f816b-1790-4662-b9e0-4c4e5da8302c,Bashful Truffle Bunny,MEDIUM,28.0,In Stock,12.0,5.0,2024/01/09 16:21:59
9aeab1dc-5fdf-4b97-84cd-66433ee04720,b51f816b-1790-4662-b9e0-4c4e5da8302c,Bashful Truffle Bunny,SMALL,18.0,Out of stock,7.0,4.0,2024/01/09 16:21:59
e1daad15-9ff0-4ac2-bed7-e48bbdae19c0,e1bc04ee-22c0-40c3-b24b-bbe99df032f5,Colin Chameleon,ONE SIZE,29.0,In Stock,11.0,4.0,2024/01/09 16:22:00
76b26921-64aa-4436-bc0b-ab478bf90cae,8798c891-4ee5-414d-b802-d04046525b05,Bashful Truffle Bunny with Personalised Cream Jumper,MEDIUM,38.0,In Stock,12.0,5.0,2024/01/09 16:22:02
26fb8457-2bb8-42c1-9fca-906f61ebf134,1f605a46-9e26-4607-acef-7a38dd97a8e9,Bashful Truffle Bunny with Personalised Navy Jumper,MEDIUM,38.0,In Stock,12.0,5.0,2024/01/09 16:22:04
9b003395-7efd-479b-b565-e915d0ce8d24,b9d89e2e-5073-4b24-9be5-ce213107162b,Bashful Truffle Bunny with Personalised Red Jumper,MEDIUM,38.0,In Stock,12.0,5.0,2024/01/09 16:22:06
356057fb-3796-42ee-9c3a-c58bb440e438,fe668845-4fa4-472e-be2f-77c22b6da537,Bashful Fox Cub,HUGE,80.0,In Stock,20.0,8.0,2024/01/09 16:22:08
44a859d4-d5ae-414b-8150-181d15123072,fe668845-4fa4-472e-be2f-77c22b6da537,Bashful Fox Cub,MEDIUM,28.0,More on the way,12.0,5.0,2024/01/09 16:22:08
17432874-b3b3-468b-93eb-346aa0c75f87,fe668845-4fa4-472e-be2f-77c22b6da537,Bashful Fox Cub,SMALL,16.5,Out of stock,7.0,4.0,2024/01/09 16:22:08
3c26e309-652a-48f1-b8b9-053442c13e8f,33d90ad1-86d3-4751-933a-4546f514a82a,Caboodle Puppy,ONE SIZE,20.0,More on the way,4.0,4.0,2024/01/09 16:22:10
113d1a71-25e4-445b-ae0e-00d6485bfd7f,ff4756ce-62de-41db-a55b-946eb46a264a,Bashful Toffee Puppy,VERY BIG,275.0,In Stock,43.0,18.0,2024/01/09 16:22:13
a9a390d0-6876-495a-ad2a-56dab770a242,ff4756ce-62de-41db-a55b-946eb46a264a,Bashful Toffee Puppy,REALLY BIG,125.0,In Stock,26.0,12.0,2024/01/09 16:22:13
eed72bcb-974a-450b-98e4-9b3a66e761b8,ff4756ce-62de-41db-a55b-946eb46a264a,Bashful Toffee Puppy,MEDIUM,28.0,Returning to stock 2-3 months,12.0,5.0,2024/01/09 16:22:13
999a1b5e-d755-41d5-b30a-d43dfe41ae3b,ff4756ce-62de-41db-a55b-946eb46a264a,Bashful Toffee Puppy,SMALL,18.0,Returning to stock 2-3 months,7.0,4.0,2024/01/09 16:22:13
d6c868be-b549-4642-9ec3-991cea2493c9,ff26a00a-6740-43ba-b053-9569a5dab1a5,If I Were A Bunny Book,ONE SIZE,13.5,In Stock,6.0,6.0,2024/01/09 16:22:14
2d8aefdc-66e0-4b46-983a-90654a46ce08,0df58b58-bf0f-4573-b279-c2ce71335800,The Very Brave Lion Book,ONE SIZE,15.0,In Stock,9.0,9.0,2024/01/09 16:22:16
b054535c-685d-4663-8ad9-94d9534f941e,799a1291-22c7-4d73-934f-8355091bdfed,If I Were A Bunny Book and Bashful Bunny,SMALL,31.5,In Stock,,,2024/01/09 16:22:17
7b2924d5-a311-438c-9eb1-41844988d1a1,8bf9a4d4-d161-4d6a-9511-ee56158b4f39,The Very Brave Lion Book and Fuddlewuddle Lion,MEDIUM,45.0,In Stock,,,2024/01/09 16:22:19
f203741c-aff4-435b-ad66-38c043d3239b,71bd6e64-30e8-40d9-9a5e-768cc53dadcc,Bashful Twinkle Bunny,MEDIUM,28.0,More on the way,12.0,5.0,2024/01/09 16:22:21
0ec317f9-d1fd-43aa-9cc5-7cca8c83f882,71bd6e64-30e8-40d9-9a5e-768cc53dadcc,Bashful Twinkle Bunny,SMALL,18.0,In Stock,7.0,4.0,2024/01/09 16:22:21
2e603bc4-84f0-4148-8244-6e6d1ec27c80,6d8b2f28-9d57-4435-9fc2-5739c20d561c,Blossom Tulip Bunny,HUGE,80.0,Out of stock,20.0,8.0,2024/01/09 16:22:24
9f7a69db-c681-4700-a576-3cffd50cd51c,6d8b2f28-9d57-4435-9fc2-5739c20d561c,Blossom Tulip Bunny,LARGE,43.0,In Stock,14.0,6.0,2024/01/09 16:22:24
f990e6ca-5cf3-43c6-90ec-204f43ea417b,6d8b2f28-9d57-4435-9fc2-5739c20d561c,Blossom Tulip Bunny,MEDIUM,28.0,In Stock,12.0,5.0,2024/01/09 16:22:24
d5b3d7df-3200-4fd4-ad77-09aaad888456,6d8b2f28-9d57-4435-9fc2-5739c20d561c,Blossom Tulip Bunny,SMALL,18.0,In Stock,7.0,4.0,2024/01/09 16:22:24
dec028a5-44f0-4f0a-ae68-b8bc38e4d928,6d8b2f28-9d57-4435-9fc2-5739c20d561c,Blossom Tulip Bunny,TINY,10.0,Out of stock,5.0,,2024/01/09 16:22:24
ddaf2c05-3fd4-423d-a5ec-e18659baa82e,7ea4148a-1aa6-4f4d-9061-598937bcfd3a,Blossom Tulip Bunny with Personalised Cream Jumper,MEDIUM,38.0,In Stock,12.0,5.0,2024/01/09 16:22:25
e59df349-2612-40f7-bd05-0d0ed9d1d274,0dbd0f2e-ae37-4fdd-aebb-ee3a42c5b0d3,Blossom Tulip Bunny with Personalised Navy Jumper,MEDIUM,38.0,In Stock,12.0,5.0,2024/01/09 16:22:27
48b88af1-9417-47a2-bf7d-0d1c1818019a,c23115cb-a796-4678-861b-580c080d07c8,Blossom Tulip Bunny with Personalised Red Jumper,MEDIUM,38.0,In Stock,12.0,5.0,2024/01/09 16:22:30
eaa2a2f1-fe8e-4795-8c87-e5b54d562b48,4b0012a5-0cd7-4335-b9c8-c2045809fab2,Personalised Bashful Silver Bunny Huge,HUGE,86.0,In Stock,20.0,8.0,2024/01/09 16:22:32
4c47c89c-efa0-4f33-ad38-ef6a12a2fab2,deead57f-ad44-40d1-8a7a-c8273b6cc3ad,If I Were An Elephant Book,ONE SIZE,13.5,In Stock,6.0,6.0,2024/01/09 16:22:33
0940cac2-0790-4913-b142-3fb689aca2ff,7dba06d7-0022-4264-9e0c-8593f0408a33,The Magic Bunny Book,ONE SIZE,15.0,In Stock,7.0,7.0,2024/01/09 16:22:35
c8d6e655-6f0e-4d76-83e7-b4f9f8c94d31,b0403a61-3698-4470-b031-a17814d173b2,When I am Big Book,ONE SIZE,15.0,In Stock,8.0,8.0,2024/01/09 16:22:36
19a0f924-2e18-4582-81f7-398046e1c0e0,92c8566c-5740-437d-9346-59a62123ebfe,Bumbly Bear,HUGE,99.0,Out of stock,23.0,9.0,2024/01/09 16:22:38
f877a77b-1347-4605-b770-6ea155d5d4c1,92c8566c-5740-437d-9346-59a62123ebfe,Bumbly Bear,LARGE,60.0,In Stock,20.0,7.0,2024/01/09 16:22:38
aa5bd8c2-883b-4d8a-ac84-9ce6e69af995,92c8566c-5740-437d-9346-59a62123ebfe,Bumbly Bear,MEDIUM,43.0,In Stock,15.0,6.0,2024/01/09 16:22:38
1c571fd3-1fd4-4618-8955-b40d17bfa865,92c8566c-5740-437d-9346-59a62123ebfe,Bumbly Bear,SMALL,28.0,More on the way,11.0,4.0,2024/01/09 16:22:38
a5fc05f9-0a60-4e98-9056-bd81853650f6,177cfa0c-8583-4f92-813c-9d6ecc725169,The Magic Bunny Book and Bashful Cottontail Bunny,MEDIUM,43.0,In Stock,,,2024/01/09 16:22:40
6af1fd31-f94d-41ba-a042-1d5477250bfd,e133ce1c-0c7c-4695-a0e5-bc92289e0672,Bashful Unicorn,MEDIUM,28.0,In Stock,12.0,5.0,2024/01/09 16:22:42
56cd4129-dbbe-4ec1-9977-3b274ce315d0,e133ce1c-0c7c-4695-a0e5-bc92289e0672,Bashful Unicorn,SMALL,18.0,In Stock,7.0,4.0,2024/01/09 16:22:42
98c565ca-eeff-4069-b78c-b2cd0737e43e,c1f8a307-3db2-4659-a886-d2dfb6500fd3,Fuddlewuddle Monkey,MEDIUM,30.0,In Stock,9.0,5.0,2024/01/09 16:22:44
79022436-60b2-496c-a897-e085dd8e0621,f7fb6533-3b2f-4c4a-9641-ab476169d867,Bashful Beige Bunny Grabber,ONE SIZE,15.0,In Stock,7.0,3.0,2024/01/09 16:22:45
55329014-d54f-4c9a-af66-e5392ff709f1,9f0d570d-6b77-47c0-a328-03920005f1eb,If I Were A Rabbit Book,ONE SIZE,13.5,In Stock,6.0,6.0,2024/01/09 16:22:47
3bb2fef4-8609-4bb9-9829-bc6edf5ab063,d275ba6e-d6c7-4f5c-af06-965ab306aacb,If I Were A Rabbit Book and Bashful Tulip Bunny,SMALL,31.5,In Stock,,,2024/01/09 16:22:48
8042e7b3-1fbb-466e-82d2-bd958bd39486,a6257e27-5690-4f8d-a58a-24b0e8a830d0,Fuddlewuddle Lion,HUGE,69.0,Out of stock,17.0,9.0,2024/01/09 16:22:50
bb306aa6-1921-4997-a319-5fbab24d5fd7,a6257e27-5690-4f8d-a58a-24b0e8a830d0,Fuddlewuddle Lion,LARGE,50.0,More on the way,12.0,6.0,2024/01/09 16:22:50
fbad5422-2c80-4bb2-80e8-223828e9e136,a6257e27-5690-4f8d-a58a-24b0e8a830d0,Fuddlewuddle Lion,MEDIUM,30.0,In Stock,9.0,5.0,2024/01/09 16:22:50
b3ab4acf-8d9b-4776-8082-8a22e07b2260,28c02ab9-805c-4072-a0eb-69ae64ecd9ac,Bartholomew Bear,REALLY BIG,140.0,In Stock,22.0,13.0,2024/01/09 16:22:53
ab3e089e-ad93-410e-a1fe-958efdeef22e,28c02ab9-805c-4072-a0eb-69ae64ecd9ac,Bartholomew Bear,HUGE,55.0,In Stock,19.0,7.0,2024/01/09 16:22:53
11cdceae-2f79-4118-a36f-723f2e3691a6,28c02ab9-805c-4072-a0eb-69ae64ecd9ac,Bartholomew Bear,LARGE,40.0,In Stock,14.0,7.0,2024/01/09 16:22:53
5ac09288-df89-4224-9262-3201ad89a8ed,28c02ab9-805c-4072-a0eb-69ae64ecd9ac,Bartholomew Bear,MEDIUM,28.0,More on the way,11.0,5.0,2024/01/09 16:22:53
103b97fe-25ad-446a-a26c-d10af591fcb9,28c02ab9-805c-4072-a0eb-69ae64ecd9ac,Bartholomew Bear,TINY,18.5,In Stock,6.0,3.0,2024/01/09 16:22:53
dd388578-4ce0-4ac8-9134-23fed42898fb,2918d551-101f-4acc-b77e-98d1804cc99d,Bashful Silver Bunny,VERY BIG,275.0,In Stock,43.0,18.0,2024/01/09 16:22:55
dd4cbabf-f8ca-4514-8e67-5ac088907f60,2918d551-101f-4acc-b77e-98d1804cc99d,Bashful Silver Bunny,REALLY BIG,125.0,In Stock,26.0,11.0,2024/01/09 16:22:55
698237ce-c7cc-4db5-8943-3b117ddbf8cc,2918d551-101f-4acc-b77e-98d1804cc99d,Bashful Silver Bunny,HUGE,80.0,In Stock,20.0,8.0,2024/01/09 16:22:55
dba211b5-a61f-438b-9fac-a66f585c2524,2918d551-101f-4acc-b77e-98d1804cc99d,Bashful Silver Bunny,LARGE,43.0,Out of stock,14.0,6.0,2024/01/09 16:22:55
9bea1ad9-69cf-4964-b76e-a265bf3e0c17,2918d551-101f-4acc-b77e-98d1804cc99d,Bashful Silver Bunny,MEDIUM,28.0,In Stock,12.0,5.0,2024/01/09 16:22:55
965d1011-f20b-4785-b513-dc149a14d2a5,2918d551-101f-4acc-b77e-98d1804cc99d,Bashful Silver Bunny,SMALL,18.0,In Stock,7.0,4.0,2024/01/09 16:22:55
7f679743-e802-4a6f-bf20-8baf5bbb70fc,33d6d0fd-64bb-4f69-9900-b0fd14d48fd3,Bashful Silver Bunny with Personalised Cream Jumper,MEDIUM,38.0,In Stock,12.0,5.0,2024/01/09 16:22:57
231f65c6-c3ea-4c23-879a-0f443589d925,187b3e23-cd8f-4809-8ec9-b5ee956ce521,Bashful Silver Bunny with Personalised Navy Jumper,MEDIUM,38.0,In Stock,12.0,5.0,2024/01/09 16:22:59
376fbb84-ec59-44a4-b3ff-90aab59408a9,cc33bba0-11b6-4fa4-93ed-7617e8fdcf10,Bashful Silver Bunny with Personalised Red Jumper,MEDIUM,38.0,In Stock,12.0,5.0,2024/01/09 16:23:01
497f0264-2768-42b9-b435-c32a12feb9af,1c9d3cd6-e339-44cb-8d4b-cd4681d5929f,Personalised Bashful Silver Bunny Medium,MEDIUM,34.0,In Stock,12.0,5.0,2024/01/09 16:23:03
c57f5908-f4e7-4121-a6d6-7e218652ed1c,da96e67e-a8d7-46b4-b701-58be00adee75,Bashful Cottontail Bunny,VERY BIG,275.0,In Stock,43.0,18.0,2024/01/09 16:23:06
508499a4-a177-4391-a0c2-8ac7eacd55df,da96e67e-a8d7-46b4-b701-58be00adee75,Bashful Cottontail Bunny,REALLY BIG,125.0,In Stock,26.0,12.0,2024/01/09 16:23:06
3257eca6-2868-4ff9-b3cb-6eda28b9c1af,da96e67e-a8d7-46b4-b701-58be00adee75,Bashful Cottontail Bunny,MEDIUM,28.0,In Stock,12.0,5.0,2024/01/09 16:23:06
43d8fa0d-2514-4e73-9a31-f5e39e1789c7,da96e67e-a8d7-46b4-b701-58be00adee75,Bashful Cottontail Bunny,SMALL,17.5,Out of stock,7.0,4.0,2024/01/09 16:23:06
eb8c1ed1-6edd-40c6-a9d6-96c94f6d3848,2090c0c9-8bd0-4baa-96ea-d5804ad1b579,Blossom Cream Bunny,LARGE,43.0,Out of stock,14.0,6.0,2024/01/09 16:23:08
670c4cc9-6618-4967-acd6-d5e45f45d7a2,2090c0c9-8bd0-4baa-96ea-d5804ad1b579,Blossom Cream Bunny,MEDIUM,28.0,Returning to stock 3-4 weeks,12.0,5.0,2024/01/09 16:23:08
ab58d627-8cd3-430a-966e-bf9bf6027513,2090c0c9-8bd0-4baa-96ea-d5804ad1b579,Blossom Cream Bunny,SMALL,18.0,In Stock,7.0,4.0,2024/01/09 16:23:08
b609f442-cadf-425e-88b5-891edeb8ef93,90f37dcf-242f-4d04-97ca-2c7d8d5660c4,Bashful Cottontail Bunny with Personalised Cream Jumper,MEDIUM,38.0,In Stock,12.0,5.0,2024/01/09 16:23:10
5de0820f-8092-4532-af68-1ca825377b0f,c69c6a78-2b3a-4a69-96b1-1ae517706f85,Bashful Cottontail Bunny with Personalised Navy Jumper,MEDIUM,38.0,In Stock,12.0,5.0,2024/01/09 16:23:11
30256c84-95c3-471a-b7e1-fc5d56c66c0b,a071af4a-4082-4c0f-bc84-64ed445d486c,Bashful Cottontail Bunny with Personalised Red Jumper,MEDIUM,38.0,In Stock,12.0,5.0,2024/01/09 16:23:13
c9554f3d-72e9-4391-9257-26be799c05bc,a94bf65e-7775-46d5-8ca7-c0d11ca98c11,Personalised Bashful Cottontail Bunny Medium,MEDIUM,34.0,In Stock,12.0,5.0,2024/01/09 16:23:15
86d032dd-e991-4beb-b50a-922140b59c48,4bab2e1b-ed2b-47da-9388-6485451e4a6f,Bashful Monkey Soother,ONE SIZE,25.0,In Stock,13.0,13.0,2024/01/09 16:23:17
2edcd0f8-6ce8-4b38-9c67-6f9a8529f5ac,dc795114-8398-41ed-a871-df29b72c8fbd,Bashful Black & Cream Puppy,VERY BIG,275.0,In Stock,43.0,18.0,2024/01/09 16:23:19
ea17c039-a71d-4d72-b5f6-7c48b5231069,dc795114-8398-41ed-a871-df29b72c8fbd,Bashful Black & Cream Puppy,MEDIUM,28.0,In Stock,12.0,5.0,2024/01/09 16:23:19
fd12ef23-0aa9-46fb-b3bb-62dfb30a0575,dc795114-8398-41ed-a871-df29b72c8fbd,Bashful Black & Cream Puppy,SMALL,18.0,In Stock,7.0,4.0,2024/01/09 16:23:19
8a542ea6-60fe-4a74-8249-1f8d662aa99e,c876890f-723b-4c9a-b400-338eddc54db4,Bashful Black & Cream Puppy with Personalised Cream Jumper,MEDIUM,38.0,In Stock,12.0,5.0,2024/01/09 16:23:21
48453504-c71a-48b8-8048-d4fd289dc672,06dceacc-2924-4d8f-8d90-379a0ecd04b9,Bashful Blue Bunny with Personalised Cream Jumper,MEDIUM,38.0,In Stock,12.0,5.0,2024/01/09 16:23:23
4adb1609-5ca6-45d7-aa17-eb2e3f32b8ea,aab93ec9-ad72-4160-bc14-d689a7511865,Bashful Pink Bunny with Personalised Cream Jumper,MEDIUM,38.0,In Stock,12.0,5.0,2024/01/09 16:23:25
e7d3e531-3aa0-4df2-a8b3-7757412ef2f3,bead7627-33a0-44b2-b811-85eb6d66df22,Bashful Black & Cream Puppy with Personalised Navy Jumper,MEDIUM,38.0,In Stock,12.0,5.0,2024/01/09 16:23:27
3ad83f99-acc6-4a00-be03-0f5a5af733bf,0723c5ff-f211-405f-b6d1-df53a9553110,Bashful Blue Bunny with Personalised Navy Jumper,MEDIUM,38.0,In Stock,12.0,5.0,2024/01/09 16:23:29
e767eed9-06fd-4811-8396-40bcd4296dd4,07995ab8-e4d9-4964-abd1-cbc340501c69,Bashful Pink Bunny with Personalised Navy Jumper,MEDIUM,38.0,In Stock,12.0,5.0,2024/01/09 16:23:31
afea80a4-f200-422f-99eb-1e29989c821b,fd8bdfe7-5851-4b32-ba79-08c72507d01b,Bashful Black & Cream Puppy with Personalised Red Jumper,MEDIUM,38.0,In Stock,12.0,5.0,2024/01/09 16:23:33
13b28a2c-3c3a-495e-8e6a-48a5989bc890,2d969d23-e267-47d5-b6bc-1d9ec7a5a9ab,Bashful Blue Bunny with Personalised Red Jumper,MEDIUM,38.0,In Stock,12.0,5.0,2024/01/09 16:23:35
4e9a5d82-57d6-4947-b2c3-fbe47167e1a8,91464298-6405-4a9a-98e1-bde2b4f0608b,Bashful Pink Bunny with Personalised Red Jumper,MEDIUM,38.0,In Stock,12.0,5.0,2024/01/09 16:23:38
8ea9f3e8-f19d-4651-99d7-fc334b879df3,98f08259-f1ee-4fb9-bfa3-571e617525dd,Personalised Bashful Blue Bunny Medium,MEDIUM,34.0,In Stock,12.0,5.0,2024/01/09 16:23:40
0bf6d7b7-6276-45a7-9c68-66685d970647,19032356-32e5-4191-adbe-d290a7020936,Bashful Pink Bunny Rattle,SMALL,15.0,In Stock,7.0,4.0,2024/01/09 16:23:41
7d9f47d8-984e-4db6-9d33-f36e6b4ac6b4,e526f19a-5ea4-4862-90bc-c5476b5aed43,Bashful Pink Bunny Soother,ONE SIZE,25.0,In Stock,13.0,13.0,2024/01/09 16:23:43
e0cc3f8d-ef99-4bd8-bc4b-cf2fc06b1f6a,7e7620ba-5faf-4ae9-8a28-433a733ad35c,Personalised Bashful Cream Bunny Huge,HUGE,86.0,In Stock,20.0,8.0,2024/01/09 16:23:45
28cd69b5-775e-45aa-b1e1-43dc1792860f,4a29b566-9f54-46db-bfbe-ab29f6ba307d,Edward Bear,MEDIUM,30.0,In Stock,13.0,6.0,2024/01/09 16:23:47
ef6dce4b-d402-4f04-b5d9-e8842150d64d,4a29b566-9f54-46db-bfbe-ab29f6ba307d,Edward Bear,SMALL,23.0,Out of stock,10.0,5.0,2024/01/09 16:23:47
a8fb88fc-dee6-44ab-ba17-6763d98b0520,66c5abee-b6c2-4f10-b6a1-71e77e8663af,Personalised Bashful Beige Bunny Huge,HUGE,86.0,In Stock,20.0,8.0,2024/01/09 16:23:49
9a0320ed-22d3-4e82-9f79-0e1e015a3011,7e33bc3f-cd8d-44c7-a8d8-8f5f5011c6b8,Bashful Beige Bunny,VERY BIG,275.0,In Stock,43.0,18.0,2024/01/09 16:23:51
4a64566c-dfa5-4e12-aea4-165a03bcb6d6,7e33bc3f-cd8d-44c7-a8d8-8f5f5011c6b8,Bashful Beige Bunny,REALLY BIG,125.0,In Stock,26.0,12.0,2024/01/09 16:23:51
0d107f78-9171-48c8-9652-ff47d66e4216,7e33bc3f-cd8d-44c7-a8d8-8f5f5011c6b8,Bashful Beige Bunny,HUGE,80.0,In Stock,20.0,8.0,2024/01/09 16:23:51
5d7a37b7-25b9-4db6-9075-70f6f2089069,7e33bc3f-cd8d-44c7-a8d8-8f5f5011c6b8,Bashful Beige Bunny,LARGE,43.0,In Stock,14.0,6.0,2024/01/09 16:23:51
96c37c18-b415-492b-849c-3eca0911baf7,7e33bc3f-cd8d-44c7-a8d8-8f5f5011c6b8,Bashful Beige Bunny,MEDIUM,28.0,Out of stock,12.0,5.0,2024/01/09 16:23:51
e07fa46c-bb33-49b0-b127-329aa45ab0c2,7e33bc3f-cd8d-44c7-a8d8-8f5f5011c6b8,Bashful Beige Bunny,SMALL,18.0,In Stock,7.0,4.0,2024/01/09 16:23:51
1c5243b8-8bf6-464b-b846-3da56f7e73f2,7e33bc3f-cd8d-44c7-a8d8-8f5f5011c6b8,Bashful Beige Bunny,TINY,14.0,In Stock,5.0,2.0,2024/01/09 16:23:51
c26f7576-762d-4807-ba4e-36fff6310e78,5e3bcfec-fa02-43e7-a172-f1e218d761ca,Bashful Cream Bunny,VERY BIG,275.0,Returning to stock 2-3 months,43.0,18.0,2024/01/09 16:23:54
c3a69aa1-9405-47af-97bb-2875a7b08ec1,5e3bcfec-fa02-43e7-a172-f1e218d761ca,Bashful Cream Bunny,REALLY BIG,125.0,In Stock,26.0,11.0,2024/01/09 16:23:54
21658bf0-f4e2-4484-9eb3-21ba68010a0f,5e3bcfec-fa02-43e7-a172-f1e218d761ca,Bashful Cream Bunny,HUGE,80.0,In Stock,20.0,8.0,2024/01/09 16:23:54
f2aaaf5a-30a6-47c6-ada2-080078c0ab55,5e3bcfec-fa02-43e7-a172-f1e218d761ca,Bashful Cream Bunny,LARGE,43.0,In Stock,14.0,6.0,2024/01/09 16:23:54
4c7a4465-fcbf-43ca-9fe7-a8b15dd109ab,5e3bcfec-fa02-43e7-a172-f1e218d761ca,Bashful Cream Bunny,MEDIUM,28.0,Returning to stock 2-3 months,12.0,5.0,2024/01/09 16:23:54
aac0cb26-bbf6-4fc9-b81f-cad9fee467c3,5e3bcfec-fa02-43e7-a172-f1e218d761ca,Bashful Cream Bunny,SMALL,18.0,In Stock,7.0,4.0,2024/01/09 16:23:54
19d63cf8-dab4-416a-b38f-bb801ed7bce1,5e3bcfec-fa02-43e7-a172-f1e218d761ca,Bashful Cream Bunny,TINY,14.0,Out of stock,5.0,2.0,2024/01/09 16:23:54
a0d03b09-2f15-4eca-b61f-3c2458c4d827,09f013aa-3be1-425e-95b9-0a3c077a76c4,Personalised Rose Dragon Huge,HUGE,126.0,In Stock,7.0,26.0,2024/01/09 16:23:56
ad5e844b-caec-4b79-8563-a35f33b0151e,a153658b-6781-403e-8b5b-85885c9fac96,Personalised Bashful Pink Bunny Soother,ONE SIZE,31.0,In Stock,13.0,13.0,2024/01/09 16:23:58
446dbffb-a0cd-468b-a43c-1d358d1dfe15,ddf923dd-e443-4b92-be0c-5270922f433e,Rory Le Courageux Petit Lion & Fuddlewuddle Lion,MEDIUM,45.0,In Stock,,,2024/01/09 16:23:59
c1749bd4-35a2-4306-b68c-f6208dea3483,fb1b351e-8fd8-4236-b1cd-8d72c0e38442,All Kinds of Cats Book and Jellycat Jack,MEDIUM,60.0,In Stock,,,2024/01/09 16:24:01
8bffe175-cbb5-4d1a-8196-555e5ba3c391,2343443c-fc7f-42d8-b4e8-483c3b2b77ca,Lapin Timide Et Ses Petites Aventures & Bashful Beige Bunny,MEDIUM,43.0,In Stock,,,2024/01/09 16:24:03
991388f8-a92a-4990-b947-78e41f81aa82,892438cb-06b8-427a-9c45-046e140ea6de,Lottie Fairy Bunny Book and Lottie Bunny Fairy,ONE SIZE,47.5,In Stock,,,2024/01/09 16:24:05
aefd9e3d-6d70-4114-876f-ac0a42c67997,1a21fa76-46cd-4ca8-900c-b4ab8ccb9018,Lapin Timide Veille Sur Tes Nuits & Bashful Cottontail Bunny,MEDIUM,43.0,In Stock,,,2024/01/09 16:24:06
e7d20515-c9fd-4d4c-bd5b-2e6109b27342,524816bb-8652-43c9-9b87-40a4b885fa4c,Merry Mouse Book and Merry Mouse,ONE SIZE,42.5,In Stock,,,2024/01/09 16:24:08
91d4b8bf-bc05-4a8f-9da6-a8fe2dfd8f5a,db0e1bd9-3ddf-4d5d-b674-c5ef7bf99f6f,Who Can I Find Book and Little Bunny,ONE SIZE,32.5,In Stock,,,2024/01/09 16:24:09
ba5db367-193c-4d78-9eb4-13323df20637,19281fb5-3187-4ffd-a8ee-5ab3d0c93f8e,Lapin Timide Veut Grandir & Bashful Cream Bunny,MEDIUM,43.0,In Stock,,,2024/01/09 16:24:11
d45cc7d2-24ff-4f93-b25d-0ebe1349e019,0ba1f394-d656-49aa-ac3a-a13bc828c01d,Archie Dinosaur,ONE SIZE,35.0,More on the way,9.0,6.0,2024/01/09 16:24:13
892a0b9d-08cc-4948-9976-0f74218c15ca,15d43b9b-cc35-41e1-bab0-02660abbf5ee,Bashful Grey Kitty,MEDIUM,28.0,More on the way,12.0,5.0,2024/01/09 16:24:14
9c57b9e0-812a-4755-9fcb-fcafbc43aca8,80424533-dca0-4564-887c-b8eeda8dd388,If I Were a Bunny Board Book,ONE SIZE,13.5,Returning to stock 2-3 months,6.0,6.0,2024/01/09 16:24:16
f15d8208-4fcd-48e0-8b1d-72db34b0381b,3760e6b1-e8e6-4f55-85a0-0c449fedc293,Blossom Beige Bunny Bag Charm,ONE SIZE,23.0,More on the way,7.0,2.0,2024/01/09 16:24:17
0de8ed07-cd65-453a-86a9-7c6e47abc955,214df3d6-a984-4acb-a828-518441a2817e,Blossom Blush Bunny Bag Charm,ONE SIZE,23.0,More on the way,7.0,2.0,2024/01/09 16:24:19
4a77bade-066d-41ad-a428-133e7045ddfc,691e8ccf-3289-4970-aaab-fb11f2fdc039,Blossom Jasmine Bunny Bag Charm,ONE SIZE,23.0,More on the way,7.0,2.0,2024/01/09 16:24:21
997769a6-d074-4d41-809e-e7d483dfeefd,c933c788-e014-4c9d-996a-4109c858fadb,Backpack Panda,ONE SIZE,30.0,More on the way,9.0,4.0,2024/01/09 16:24:22
6a3aa350-f150-4987-97fc-6f6559dec3e3,b3f516de-8d40-4f33-a7f2-43847796c685,Carissa Persian Cat,ONE SIZE,45.0,Returning to stock 2-3 months,10.0,10.0,2024/01/09 16:24:24
406806ee-1c63-443e-82fe-c03d2290e427,2997cd0a-d449-4d09-9f49-6c66594fe9a8,Clyde Capybara,ONE SIZE,43.0,Out of stock,8.0,9.0,2024/01/09 16:24:25
b43b8e7c-47c8-4088-9774-0f9aab2de270,71b59ea1-b02a-4e59-9295-ce0fa1b59de0,Dara Giraffe,ONE SIZE,75.0,More on the way,22.0,7.0,2024/01/09 16:24:27
80e43c20-269d-4276-9656-100794d8bf0c,97c501dc-f4ec-4ef7-b1ed-e5807e8a15df,Dario Donkey,ONE SIZE,60.0,More on the way,14.0,7.0,2024/01/09 16:24:28
3b253754-3e5e-44b5-a29c-e426b6440d52,718e9970-f964-4b52-9271-09d8958b5490,Fuddlewuddle Ginger Cat,MEDIUM,30.0,More on the way,9.0,5.0,2024/01/09 16:24:30
b64cdafb-ba72-4301-b59c-a852a504e902,d5cb756c-d08c-4618-a468-195126ab9497,Gordy Guinea Pig,ONE SIZE,30.0,More on the way,8.0,6.0,2024/01/09 16:24:32
12c7e9b9-eba0-4480-81bf-8240c7d01dcc,9b413975-0def-4345-8348-5c89fe199b9c,Huddles Kangaroo,ONE SIZE,45.0,Returning to stock 2-3 months,10.0,6.0,2024/01/09 16:24:33
9bbe5ce9-1de5-45a3-8670-1f05afc43abb,7eaff476-77f7-4a8c-95de-6e47a44d8bd8,Iris Siamese Cat,ONE SIZE,33.0,More on the way,11.0,5.0,2024/01/09 16:24:35
f4ba0a1b-694f-43c5-87d7-a4327e9427bf,48e4fb67-dc71-4d7f-a319-93a9448d2237,Little Goat,ONE SIZE,22.0,More on the way,7.0,4.0,2024/01/09 16:24:36
a6ba72f7-438f-47b5-b758-2370835c4c2a,d0b53c2a-2540-4afc-96b0-3ccf4346caef,Little Pig Bag,ONE SIZE,40.0,More on the way,7.0,7.0,2024/01/09 16:24:38
6075a845-f98c-4726-90fe-92f6467aa5f6,effdb6df-8360-461f-b9d2-d57db9ba9e4b,Little Pup Bag Charm,ONE SIZE,25.0,More on the way,7.0,2.0,2024/01/09 16:24:40
988bca04-dfd6-496c-b9f3-8871c65d7a89,5583e2cc-d364-42e2-9b89-7de72cb7cf0d,Randall Basset Hound,ONE SIZE,35.0,More on the way,9.0,13.0,2024/01/09 16:24:41
97b89b83-8a9c-4ab2-ae52-af93fbe67ce4,053fa6f4-5df2-4f53-be46-2c667b548b7f,Richie Dromedary,ONE SIZE,60.0,More on the way,11.0,17.0,2024/01/09 16:24:43
f8389945-53a0-4451-821d-18ad6b435f23,e0ea5aaa-b264-428e-95bc-4cbe3f67dddd,Tilly Golden Retriever,ONE SIZE,35.0,More on the way,11.0,6.0,2024/01/09 16:24:44
6b82a856-d65e-4833-8a11-419de23b27c6,ae201773-2cf8-4495-a826-ede168c09273,Wanderlust Elly,ONE SIZE,100.0,More on the way,7.0,14.0,2024/01/09 16:24:46
a8b688ab-e758-4c51-8a76-0e12e1d7ec47,ab81df39-292f-4c36-a5e5-f680499671a2,Yummy Puppy,ONE SIZE,20.0,Returning to stock 2-3 months,6.0,3.0,2024/01/09 16:24:48
ec32df45-7bf7-4c53-b9dc-e3cab8c0c6d2,fa35a240-fff7-4e90-b7df-6af150838191,Festival Dragon,ONE SIZE,55.0,Returning to stock next week,4.0,17.0,2024/01/09 16:24:50
0e0cad66-ddcb-4979-add3-0ed634b1c202,b57a5279-41ca-4385-be48-add1d8fdc2eb,Rose Dragon Bag Charm,ONE SIZE,28.0,More on the way,5.0,9.0,2024/01/09 16:24:51
028645c3-3a18-41db-8cf2-cede916fb341,1943aaf1-d309-4a04-a3f2-3fa32c53336a,Dainty Dessert Bunny Cupcake,ONE SIZE,28.0,Returning to stock 2-3 months,6.0,4.0,2024/01/09 16:24:53
a939da70-4278-45d3-9195-4be642b00c88,9c7b1ea0-2ead-438d-8897-435efd5ac272,Fluffy Duck,ONE SIZE,15.0,Returning to stock 2-3 months,4.0,2.0,2024/01/09 16:24:54
5b64ce78-e0cc-4960-9a69-5d4a12fd20e5,95adb991-beb4-449c-8b51-a0fceac6159b,Finnegan Frog,ONE SIZE,20.0,More on the way,9.0,3.0,2024/01/09 16:24:56
363ee5b2-230f-40c9-a073-a9833b10f25d,7aba8612-df71-41ca-a059-6259dc5a846b,Honeyhome Bee,ONE SIZE,35.0,More on the way,7.0,7.0,2024/01/09 16:24:57
d793b67b-792f-4f37-b1c7-7e0f9f862944,a3673d85-b39b-4480-a89b-792200d72120,Bartholomew Bear Bag,ONE SIZE,38.0,Returning to stock 3-4 weeks,6.0,7.0,2024/01/09 16:24:59
896d071b-b305-46ab-8f2d-1b6e50c82fce,874c11c1-c33c-4151-ba27-22313609d7ff,Bashful Bunny Cream Bag Charm,ONE SIZE,19.0,Out of stock,7.0,2.0,2024/01/09 16:25:00
d81a583a-4137-42c4-9298-44ad631455a3,bb7033db-d598-420e-883f-ea26492d6710,Bashful Bunny Truffle Bag Charm,ONE SIZE,19.0,More on the way,7.0,2.0,2024/01/09 16:25:02
949f5b87-1d61-4f7c-aa0e-7be0dcae5400,2cf3f5a8-c9a1-4ce9-96d6-7f6b90ccaebb,Bashful Bunny Inky Bag Charm,ONE SIZE,19.0,More on the way,7.0,2.0,2024/01/09 16:25:03
dbea584d-a83d-49de-ac47-8e200908d69d,e44bf010-9f83-454b-8a89-c6a7e91d64e4,Kitten Tails Activity Book,ONE SIZE,18.5,More on the way,9.0,5.0,2024/01/09 16:25:05
6929c396-0472-4662-b196-7ef461ca2ad3,d9920fcd-c97f-44d0-91fa-142c53eea970,When I Am Sleepy Book,ONE SIZE,15.0,Returning to stock 3-4 weeks,8.0,8.0,2024/01/09 16:25:07
f67a9560-bfdb-4c44-b2c3-aa07a2ce23a4,d759dacc-1b3e-4e53-bafb-e4b232e430ca,Backpack Puppy,ONE SIZE,30.0,More on the way,9.0,4.0,2024/01/09 16:25:08
c7f17d35-674d-4ce5-b2e8-4472134ee955,d583dd8f-63ab-4283-b214-17a281b2ecc6,Caractacus Chameleon,ONE SIZE,65.0,More on the way,15.0,7.0,2024/01/09 16:25:10
acdddd9d-533e-42a2-aa2e-e5b567ec2536,c4cdf04f-5eb5-4a8b-a637-e4003f9e9625,Cauldron Cuties,ONE SIZE,35.0,More on the way,6.0,5.0,2024/01/09 16:25:12
5d94715b-9c13-4794-8c48-92523781dbf1,e5f06754-c6c2-4866-8b2f-034faa320ee6,Coquette Cutie Cat,ONE SIZE,32.5,More on the way,10.0,2.0,2024/01/09 16:25:13
e1a36f0e-9bfe-47d5-96f8-44dd5dd6e10f,724f186c-4362-4123-8206-bf24c28c0b88,Floofie St Bernard,ONE SIZE,80.0,More on the way,7.0,16.0,2024/01/09 16:25:15
33b035b4-59eb-4b2d-b079-21ff9d99ef7b,056211ec-730c-4179-82c0-b38ed76ccc7d,Freya Pony,ONE SIZE,65.0,More on the way,13.0,13.0,2024/01/09 16:25:16
8fafaaf6-9ebd-4d4a-b582-5bd941a96a07,1e8b5dd9-1e77-421e-9bd6-80013dba1fd9,Georgiana Poodle,ONE SIZE,33.0,More on the way,9.0,5.0,2024/01/09 16:25:18
6ea04483-e63a-48c2-99f4-ca7dd9e758c5,b96bb0c5-fe07-48e1-9a2d-e73bebc1abc0,Jackson Husky,ONE SIZE,35.0,More on the way,10.0,6.0,2024/01/09 16:25:20
f4e6d45b-1688-4875-b047-edb52f514ba4,01772b00-c14c-47b0-a4d5-ca365ecbc7ca,Kitten Caboodle Grey,ONE SIZE,20.0,Returning to stock 3-4 weeks,4.0,4.0,2024/01/09 16:25:21
7bb41ef3-b4d3-4939-9567-7a807dd2e962,869f2f9b-ec00-4e4d-a3de-3c8d703aab11,Little Snake,ONE SIZE,22.0,Returning to stock 2-3 months,6.0,8.0,2024/01/09 16:25:23
1fadafc9-9823-490d-90f6-7d28e55489aa,dc4d28ac-d43e-4d25-a931-ad2796339ace,Munro Scottie Dog Bag Charm,ONE SIZE,23.0,Returning to stock 2-3 months,4.0,2.0,2024/01/09 16:25:25
50ac5a80-7331-4b63-ba65-a73385d76f81,35971fb8-3a70-4022-873c-b72f17557686,Munro Scottie Dog Bag,ONE SIZE,40.0,Out of stock,9.0,5.0,2024/01/09 16:25:26
85598622-9ee7-441c-a618-1361c1c944b0,0808d8c1-97d2-448e-95d3-a3207858d7e9,Myrtle Hippopotamus,ONE SIZE,45.0,More on the way,15.0,6.0,2024/01/09 16:25:28
fddfa3b3-ac9f-427b-8d21-7dac5b4ff337,aa47b352-7c62-498b-ade7-20de891226de,Nessie Nessa,ONE SIZE,30.0,Out of stock,9.0,14.0,2024/01/09 16:25:30
568482a6-585a-4c92-aeb9-de43dde9571f,b2fb8e82-51a1-4201-aef5-8d2e62701e5e,Ooky Bat,ONE SIZE,20.0,More on the way,6.0,2.0,2024/01/09 16:25:31
a8cc3e85-139c-4940-bad8-be6bd6dfef69,38ddf0de-0882-4f7a-9130-3147161670eb,Otto Sausage Dog Bag,ONE SIZE,40.0,Returning to stock 2-3 months,6.0,9.0,2024/01/09 16:25:33
99638844-d4b9-4a5e-88c8-c3081404f90e,d7b9da40-f62e-4bef-a4da-9ecbc2c86e99,Timmy Turtle,ONE SIZE,40.0,More on the way,11.0,8.0,2024/01/09 16:25:34
664fedc8-b6f0-4879-82a0-3f52332ad237,9144186f-4ecb-4e08-8b22-6b8ab6868b1b,Yummy Bear,ONE SIZE,20.0,Returning to stock 2-3 months,6.0,3.0,2024/01/09 16:25:36
9aea5340-5d1e-4a4d-99d2-11e78f3eeb64,6c0cac2e-b03c-45f4-987c-f36082b41c7c,Birdling Seagull,ONE SIZE,17.0,More on the way,4.0,3.0,2024/01/09 16:25:37
6734d0c9-cdbc-4783-867c-d5ebf877185e,1a76c087-5a58-4047-bf1f-a28c33d26ad8,Bartholomew Bear Bedtime,MEDIUM,30.0,More on the way,10.0,5.0,2024/01/09 16:25:39
6dec5894-32aa-4b43-837e-0a4516c18ad7,fac2d826-a088-48ff-882f-07bf92e25b26,Little Reindeer,ONE SIZE,20.0,More on the way,7.0,4.0,2024/01/09 16:25:40
e06fcefd-64a2-4b1c-a3b4-a1b4667871c1,bd9cfa78-3cc9-4834-ab50-ac98048eb611,Merry Mouse Sleighing,ONE SIZE,42.5,Out of stock,7.0,4.0,2024/01/09 16:25:42
65b87575-5759-434a-8ab8-8f5fac6b1ae3,afa4e89a-c600-4130-a56b-e8a18dfe5ff1,Winter Warmer Munro Scottie Dog,ONE SIZE,32.5,Out of stock,8.0,5.0,2024/01/09 16:25:44
0e7e9bf7-879a-49f1-bb7c-9e80b225e881,36196983-d702-458c-8f0b-e604aeaaff8b,Nesting Penguins,ONE SIZE,35.0,More on the way,4.0,5.0,2024/01/09 16:25:45
8ff005fd-470b-43b9-8270-73bbe2929d31,e9e039f9-c9fb-4db2-87fa-ac964d098c10,Ronnie Rockhopper Penguin,ONE SIZE,25.0,More on the way,10.0,4.0,2024/01/09 16:25:47
49a660ac-9bd6-4f1a-81b8-0c08fd958163,cded4007-f396-4a13-a9be-fe55d01f093e,Wee Reindeer,ONE SIZE,17.5,Out of stock,5.0,3.0,2024/01/09 16:25:49
ebf27796-cce7-48d8-b3cb-a900916bc378,9e9ee605-ce19-4954-8ff1-6dea414ece13,Blowzy Belle Cat,ONE SIZE,37.5,More on the way,17.0,4.0,2024/01/09 16:25:50
059034b1-7657-4662-9a0a-199bee0c285c,e77a9d3b-f9a8-4b98-b57c-6ea4833e5ea4,Fuzzkin Lamb,ONE SIZE,25.0,More on the way,9.0,4.0,2024/01/09 16:25:53
bcc15682-dd01-41b1-af77-555cf7093ea0,d59383a2-366d-41da-a855-23b080f16ebf,Herbie Highland Cow,ONE SIZE,35.0,More on the way,10.0,6.0,2024/01/09 16:25:54
5ca66e53-7cd6-4617-ada6-910c8b330781,dae1e71d-1461-42d3-95cd-3b3d8ea0b4d3,Little Monkey,ONE SIZE,22.0,More on the way,7.0,4.0,2024/01/09 16:25:56
10cde7a5-4729-47f7-bac1-07c684c86717,99b958f4-4b72-4c40-9790-1e4fd20dced9,Little Mouse,ONE SIZE,22.0,More on the way,7.0,4.0,2024/01/09 16:25:58
be73e46f-f090-428c-9a89-8f9d21ebaf0a,0c83fd42-58a7-404f-95c0-b8a6652a0679,Personalised Bashful Luxe Bunny Rosa Huge,HUGE,91.0,More on the way,20.0,8.0,2024/01/09 16:26:00
92f79ce6-2390-4418-a552-9b3fe97c1fe9,49d79ec5-1536-4f0e-ba48-61b5fb0079d9,Sweetsicle Elephant,ONE SIZE,20.0,More on the way,6.0,3.0,2024/01/09 16:26:02
bbef0159-23bb-43f5-9a08-71d3ba0b7f0c,55db0075-c241-4c71-85e1-5090c65504e9,Tumblie Elephant,ONE SIZE,30.0,Returning to stock 2-3 months,5.0,14.0,2024/01/09 16:26:04
5c136100-781b-454c-84bc-efad4d2e7fe3,50527da6-bf6f-4290-9844-7d65f9cc7bcf,Wavelly Whale Blue,ONE SIZE,15.0,More on the way,2.0,6.0,2024/01/09 16:26:05
d4b41ed1-3187-4ab6-9975-66c7fe383e80,b0bac6eb-23d9-4d29-b2f3-6865e63c40aa,Wavelly Whale Grey,ONE SIZE,15.0,Returning to stock 2-3 months,3.0,5.0,2024/01/09 16:26:07
3f9a5ff4-d939-4d94-bf67-5b77fc6c16e1,d894a86f-bea1-4510-b5fc-fa66fb906229,Lottie The Ballet Bunny Book,ONE SIZE,15.0,Returning to stock 3-4 weeks,7.0,7.0,2024/01/09 16:26:08
0938bdf4-9536-4d85-8675-8cccb1621ce0,60b05159-3159-4efc-84cd-986fc173f632,Sandy Snail,ONE SIZE,27.0,Returning to stock 2-3 months,5.0,3.0,2024/01/09 16:26:10
30fce996-63f9-4e1f-9e09-e1d26d8665e5,314a9058-b569-4948-a716-1a9545e690ad,Yummy Duckling,ONE SIZE,20.0,More on the way,6.0,4.0,2024/01/09 16:26:12
8068a577-796f-4fb5-aab8-7cff66738499,274666fa-5004-487e-ac1f-7e43aaa57d96,Yummy Lamb,ONE SIZE,20.0,More on the way,6.0,4.0,2024/01/09 16:26:13
6625d21e-d638-428f-9bc8-9f42800190c7,236ac9f8-7101-4e69-886a-b3fd3b9114ed,Amore Dog,ONE SIZE,40.0,More on the way,10.0,7.0,2024/01/09 16:26:15
bbff880e-60fb-43a2-976c-d3191b85eefa,3f95de90-8862-4361-a7c5-397ad18c94b0,Ambrosie Squirrel,ONE SIZE,35.0,More on the way,9.0,4.0,2024/01/09 16:26:17
aebdcb0a-809a-4298-b822-0d561611c7b9,878acb63-34e5-42db-9480-b071792f2d3e,Archibald Elephant,MEDIUM,28.0,Returning to stock 2-3 months,10.0,5.0,2024/01/09 16:26:18
28a6bb2c-7ad6-4ea6-a13e-489057349ff4,1c7721af-507a-4c90-acf3-e409cb147ec9,Barnabus Pig,HUGE,55.0,Out of stock,17.0,7.0,2024/01/09 16:26:21
6d1c1955-9966-4fe7-9107-91980e9915a2,1c7721af-507a-4c90-acf3-e409cb147ec9,Barnabus Pig,MEDIUM,28.0,Returning to stock 2-3 months,10.0,5.0,2024/01/09 16:26:21
74cf981b-7e3b-4da1-8eb0-ed892465e0d3,0ba3f945-0a3d-4182-b42a-25298112e17f,Bashful Koala,MEDIUM,28.0,More on the way,11.0,5.0,2024/01/09 16:26:22
d199dcc3-cf1e-4d17-963b-019dd07f0bbc,ef2cf5e6-c4c0-42ef-8218-521fe78e8f8b,Backpack Unicorn,ONE SIZE,30.0,More on the way,9.0,4.0,2024/01/09 16:26:24
c41c41e0-b2ea-4328-bba5-39eaed10e42c,122ae74a-3238-485d-813e-84ec6286bf26,Floofie Sheepdog,ONE SIZE,80.0,More on the way,10.0,16.0,2024/01/09 16:26:25
4c54ffd0-3faa-40d9-b8fa-9acfaaeed86d,f0ef4aae-0c22-401c-9ee6-4290fbac3895,Magnus Manatee,ONE SIZE,50.0,More on the way,6.0,14.0,2024/01/09 16:26:27
9da8cecc-5fe2-4afd-b9cd-fc16f9348843,5a259940-c98e-41de-9c4d-f62c46506981,Napping Nipper Cat,ONE SIZE,25.0,More on the way,4.0,6.0,2024/01/09 16:26:28
23d526b1-a956-420a-8d63-51c631a8fcea,b486bc49-da6b-40c4-b157-af0216ed70ff,Hibernating Penguin,ONE SIZE,22.0,More on the way,5.0,5.0,2024/01/09 16:26:30
38ce4816-cfdd-400f-835f-48904cedbbd8,674e38b3-7f65-48cf-88f1-b591971a4fbe,Little Penguin,ONE SIZE,22.0,More on the way,7.0,3.0,2024/01/09 16:26:32
4a4f10fd-d34d-4517-844c-e47ef17708ba,f9678554-9365-4c1d-a86e-7dfa3e79d138,Merry Mouse Candy Cane,ONE SIZE,27.5,More on the way,7.0,4.0,2024/01/09 16:26:34
b351a151-f7a3-48d8-8064-1ccf5212723e,c485dc16-437d-4c21-92d9-50bd5c1cd913,Mitzi Reindeer,LARGE,50.0,More on the way,14.0,4.0,2024/01/09 16:26:36
fbf008f5-5834-4d62-8b06-cacf36d0e062,c485dc16-437d-4c21-92d9-50bd5c1cd913,Mitzi Reindeer,MEDIUM,32.5,More on the way,10.0,3.0,2024/01/09 16:26:36
2466aab9-88ff-4985-bcba-37e98fbbe6d3,b61f9145-4259-4ea3-9eac-3cba91781604,Bashful Black Kitten,MEDIUM,28.0,More on the way,12.0,5.0,2024/01/09 16:26:38
4a85ec37-f303-413b-ade0-91515d17bdcb,5d662476-fc99-41b3-884b-f92c17f0085f,Bashful Snow Tiger,REALLY BIG,125.0,Out of stock,26.0,12.0,2024/01/09 16:26:39
efb79d62-0564-4621-aa9b-1ca48f586255,5d662476-fc99-41b3-884b-f92c17f0085f,Bashful Snow Tiger,HUGE,80.0,Out of stock,20.0,8.0,2024/01/09 16:26:39
b9ba2015-119a-4fea-a947-2fdf2bcd3103,5d662476-fc99-41b3-884b-f92c17f0085f,Bashful Snow Tiger,MEDIUM,28.0,Returning to stock 3-4 weeks,12.0,5.0,2024/01/09 16:26:39
4f55c0e8-cfcc-465a-bea4-52181d286ef6,e6d550bb-79cb-4e1f-a3a8-05684434333a,Birdling Blue Jay,ONE SIZE,17.0,More on the way,4.0,3.0,2024/01/09 16:26:41
606ee9af-5732-4121-a8bd-1f280398ea9f,977c05ff-e7ef-4064-a7c0-c54ffe35f7ce,Birdling Mallard,ONE SIZE,17.0,More on the way,4.0,3.0,2024/01/09 16:26:43
80db65cf-1dc3-4401-a2db-9340a2040b37,796bf7f9-f3c9-4fc1-99f4-5a6f18c97054,Birdling Pigeon,ONE SIZE,17.0,More on the way,4.0,3.0,2024/01/09 16:26:44
fd26638a-21f4-428e-837f-016b32265f43,6ffc7ba5-7171-47be-96d1-7e4e7f625446,My Dad and Me Book,ONE SIZE,15.0,Returning to stock 3-4 weeks,8.0,8.0,2024/01/09 16:26:46
fd56a82e-09b1-4ab3-a8c1-3995c6ab8651,3783c8a6-fdf9-4547-ab60-7a16d90cedd8,Backpack Elephant,ONE SIZE,30.0,Returning to stock 2-3 months,9.0,4.0,2024/01/09 16:26:47
c5a8406b-7e40-4c1c-9582-964f81a8da7d,ab349905-0b46-4dcb-997b-d6825c7ac85c,Bruce Bush Baby,ONE SIZE,27.5,More on the way,7.0,5.0,2024/01/09 16:26:49
8723a723-c960-4233-8a60-bbd7e8353c44,34bc474c-239c-4eb7-9936-315a3dffb091,Curvie Sheep Dog,ONE SIZE,33.0,More on the way,9.0,6.0,2024/01/09 16:26:50
c30f3e99-e791-4e75-96cf-fb3159442970,a324687f-2e01-4e4a-a396-428afdcf104e,Flumpie Frog,ONE SIZE,28.0,More on the way,7.0,5.0,2024/01/09 16:26:52
2958d943-5ab2-4783-9800-1e2c217c9d44,f3d51667-2417-49c8-b0c3-76f47fba11f7,Huggady Panda,LARGE,67.5,Out of stock,13.0,7.0,2024/01/09 16:26:54
974864c5-b845-4c0a-9f7a-bc2842cc0a1e,f3d51667-2417-49c8-b0c3-76f47fba11f7,Huggady Panda,MEDIUM,30.0,More on the way,9.0,5.0,2024/01/09 16:26:54
4981ecda-96a8-4146-99dc-23e741e67be3,e13b9564-bdb8-493b-ab46-e7f4e0fa478c,Bashful Snow Tiger with Personalised Cream Jumper,MEDIUM,38.0,Returning to stock 3-4 weeks,12.0,5.0,2024/01/09 16:26:56
aef16c32-3c0c-479c-86c3-a76dcf6a4ec4,80357463-d3fe-4cea-894e-ec28e06219da,Bashful Snow Tiger with Personalised Navy Jumper,MEDIUM,38.0,Returning to stock 3-4 weeks,12.0,5.0,2024/01/09 16:26:57
07389fb2-34ef-4875-84d7-f6fbb8a42976,4b1d45f7-b341-41eb-af6f-bf7c90277114,Bashful Snow Tiger with Personalised Red Jumper,MEDIUM,38.0,Returning to stock 3-4 weeks,12.0,5.0,2024/01/09 16:26:59
97adb216-f0ba-4b8c-8926-122a20a66862,5044cdce-e0ff-4a9e-9c5d-cffb97c5721c,Kitten Caboodle Ginger,ONE SIZE,20.0,More on the way,4.0,4.0,2024/01/09 16:27:01
08ae80e5-42d1-4706-8851-f1ae2d3ec0aa,72d08614-120f-45c8-b0b4-a2b0a06997dd,Little Frog,ONE SIZE,22.0,More on the way,7.0,4.0,2024/01/09 16:27:03
40d4c262-97e0-42e2-ab25-7ef2b79a673f,dbf02630-f44e-459e-99e6-da264e348049,Munro Scottie Dog,HUGE,75.0,Out of stock,17.0,9.0,2024/01/09 16:27:04
