jellycatsizeid,jellycatid,jellycatname,size,height,width,price,stock,datecreated
fc53411b-01b9-488e-a1c2-935ebb671c36,120936c5-5727-4deb-b01b-202c9c56e84f,Bashful Luxe Bunny Azure,HUGE,20.0,8.0,85.0,In Stock,2024-01-10 08:28:35
12269022-bce7-4173-8694-7cc0c63c6a5c,120936c5-5727-4deb-b01b-202c9c56e84f,Bashful Luxe Bunny Azure,MEDIUM,12.0,5.0,35.0,In Stock,2024-01-10 08:28:35
a712878b-2922-47a2-abf5-708c18b45190,258d9aad-69ec-48f8-a64c-69362f6dc6da,All Kinds of Cats Book,ONE SIZE,9.0,7.0,15.0,In Stock,2024-01-10 08:28:37
6516a249-8feb-4339-9fa0-144f48372e68,ffdfc54a-f86e-41ed-8d08-442511ce163f,Fergus Frog,ONE SIZE,13.0,4.0,50.0,In Stock,2024-01-10 08:28:39
ba83ff98-2b64-461b-8cb1-ab7306761f22,91e5cd46-e23a-4c85-800a-ed7f9b496949,Jellycat Head Giant,ONE SIZE,22.0,24.0,220.0,In Stock,2024-01-10 08:28:40
c1076f94-ecf2-4598-b5ab-08eb4982e036,b9bc63d3-6fe8-4f02-bf2c-f94012696d43,Jellycat Jack,REALLY BIG,26.0,9.0,165.0,In Stock,2024-01-10 08:28:42
63c2fd89-3c30-49bf-9113-03ac7da01c69,b9bc63d3-6fe8-4f02-bf2c-f94012696d43,Jellycat Jack,HUGE,19.0,6.0,110.0,In Stock,2024-01-10 08:28:42
cbfda7f6-adc0-423a-b698-a19f78720aec,b9bc63d3-6fe8-4f02-bf2c-f94012696d43,Jellycat Jack,MEDIUM,13.0,4.0,45.0,More on the way,2024-01-10 08:28:42
b1b5e1f9-e4d0-4281-8bbb-a25bd561d51c,4539b0a5-aa4b-4a9f-869d-ac9f5faa76ed,Jellycat Bag Charm,ONE SIZE,5.0,4.0,28.0,In Stock,2024-01-10 08:28:44
27e787b8-f6ab-452e-9ef6-1bfa3ff7b8ef,38748c1b-c212-4865-8e9d-b4b4746dd01a,Jellycat Bag,ONE SIZE,6.0,9.0,45.0,In Stock,2024-01-10 08:28:46
0d4db38b-b7b9-49c4-b924-06562f51479a,6bfa4f82-ffc1-48a4-b2fb-94882aa62729,Junglie Monkey,MEDIUM,18.0,7.0,55.0,In Stock,2024-01-10 08:28:47
9f1994ba-239a-4dd2-9698-9037bfe087ab,f830f044-0394-4599-8e02-86449b440f0f,Truffles Sheep,LARGE,9.0,25.0,110.0,In Stock,2024-01-10 08:28:49
5f372423-a159-4ec1-a517-f7dc19058f51,891d0a86-63ac-4bda-a0c0-4ecdd5bace3a,Golden Dragon,HUGE,7.0,26.0,120.0,In Stock,2024-01-10 08:28:51
30c5d472-a8fb-4094-a3bd-f2bd4525e1c6,891d0a86-63ac-4bda-a0c0-4ecdd5bace3a,Golden Dragon,LARGE,5.0,20.0,65.0,In Stock,2024-01-10 08:28:51
52c4ef3d-d0ae-4265-92b0-065afda4ab28,891d0a86-63ac-4bda-a0c0-4ecdd5bace3a,Golden Dragon,LITTLE,3.0,12.0,32.5,In Stock,2024-01-10 08:28:51
a537da6a-12bb-4a7b-96d9-652062c442f9,ad6f1ce6-14d1-47ea-805b-37c65500713c,Golden Dragon Bag Charm,ONE SIZE,5.0,9.0,28.0,In Stock,2024-01-10 08:28:52
6369a05d-870f-407e-8ee1-ca4830f699e0,13a049d1-81ce-4232-98c3-0d187ea2db5f,Lavender Dragon Bag Charm,ONE SIZE,5.0,9.0,28.0,In Stock,2024-01-10 08:28:54
f8030ef5-90ba-45ab-9e9d-1e239c4c90c7,e9be1d0f-b1ba-4c72-a84e-3239949a2c02,Little Dragon Bag Charm,ONE SIZE,7.0,2.0,23.0,In Stock,2024-01-10 08:28:55
305be7e9-73df-4962-909d-a44e151081f9,773173e4-3a6e-4261-bc48-a69a6516ca96,Rose Dragon Bag Charm,ONE SIZE,5.0,9.0,28.0,In Stock,2024-01-10 08:28:57
fb7a06f6-9b80-440b-be0a-ef1d3712c774,045d31d7-81c0-40a6-a6bc-45df3a51215f,Snow Dragon Bag Charm,ONE SIZE,5.0,9.0,28.0,In Stock,2024-01-10 08:28:58
c5fc3be0-d843-4789-a757-d9f32236f8e9,bd614a33-069e-42af-8046-c5b44aeb1828,Aimee Sheep,ONE SIZE,8.0,9.0,40.0,In Stock,2024-01-10 08:29:00
f349b221-d713-499a-bd98-a20db7ee6fe0,c67053ac-ca0d-4230-819b-18d22cca84ab,Bashful Red Love Heart Bunny,MEDIUM,12.0,5.0,32.0,In Stock,2024-01-10 08:29:02
c8c9d5ae-c5ba-43ea-9444-de3ae3bf8d2b,c67053ac-ca0d-4230-819b-18d22cca84ab,Bashful Red Love Heart Bunny,SMALL,7.0,4.0,25.0,In Stock,2024-01-10 08:29:02
4d743345-f18e-427d-980e-afb9289ec36b,5bf2dd7c-ef7c-4920-8952-027418e42f56,Fabian Frog Prince,ONE SIZE,9.0,8.0,40.0,In Stock,2024-01-10 08:29:03
c9f9086f-8ea5-41a8-ac57-07e53baa83ab,847ce978-cdff-44e0-8f02-b25a5afef204,Loulou Love Bug,ONE SIZE,2.0,5.0,20.0,In Stock,2024-01-10 08:29:05
39d7e923-a895-46a2-ae71-c75c10adcaf5,eb4977a0-ff07-4933-8e7e-12fb624550fd,Amore Bunny,MEDIUM,10.0,7.0,40.0,In Stock,2024-01-10 08:29:07
f99fa96a-17e6-4802-bae7-b4ed505da934,4e0c3660-803a-4c03-82ab-e862350fa11b,Bibbly Bobbly Sheep,ONE SIZE,14.0,9.0,55.0,In Stock,2024-01-10 08:29:10
7c3b3bf2-bfad-40bc-9707-979239fe078c,3330026b-e610-42e9-9bc0-73ef91c5ff30,Brynlee Bee,ONE SIZE,5.0,6.0,28.0,In Stock,2024-01-10 08:29:12
d930494a-405b-46e0-94be-78c858f60818,7b6778e2-684d-4a02-9aa5-fdf878c3d289,Bartholomew Bear Bathrobe,MEDIUM,10.0,5.0,45.0,In Stock,2024-01-10 08:29:14
1207b83c-398c-4ff9-ab84-fed58509bb40,2a973108-6061-4e21-8525-4495021befbc,Bashful Duckling,MEDIUM,12.0,5.0,28.0,In Stock,2024-01-10 08:29:17
221b1cdf-b063-4488-bdbb-85be62dac9c3,21030649-f862-4544-b450-3008cb52e4e5,Bashful Moss Bunny,MEDIUM,12.0,5.0,28.0,In Stock,2024-01-10 08:29:20
0ead1a7b-169c-4a0a-ac0b-5d27403beb71,21030649-f862-4544-b450-3008cb52e4e5,Bashful Moss Bunny,SMALL,7.0,4.0,18.0,In Stock,2024-01-10 08:29:20
ecb9f5c8-6828-432c-b735-a3225fdcc4b0,14773878-a3ff-41bd-9efe-6141b175a348,Bashful Viola Bunny,MEDIUM,12.0,5.0,28.0,In Stock,2024-01-10 08:29:22
f481d8dc-3181-4257-9c8d-bf76136af2ea,14773878-a3ff-41bd-9efe-6141b175a348,Bashful Viola Bunny,SMALL,7.0,4.0,18.0,In Stock,2024-01-10 08:29:22
3b99f259-39d3-4c0a-948c-744c5445a67b,4e464217-8e7a-44ec-9047-2e2db5ff0897,Bashful Bunny with Carrot,SMALL,7.0,4.0,28.0,In Stock,2024-01-10 08:29:25
c9f555f8-095e-4568-90c7-1245fd8ce492,bc8d1fd6-282f-4210-b0d6-5dde027c2f30,Bashful Bunny with Daffodil,SMALL,7.0,4.0,28.0,In Stock,2024-01-10 08:29:26
2aa5e8fa-490b-4c6d-867b-63d2fe6b5656,a2bd8b57-b8e8-42c4-926e-b3a2f7fce7ad,Lottie Fairy Bunny Book,ONE SIZE,7.0,7.0,15.0,In Stock,2024-01-10 08:29:29
b951ee7f-40d1-4fad-bf79-70a1b8a4f52d,b7d5b7ee-08a6-42d6-8683-d21251281375,Blossom Cherry Bunny,MEDIUM,12.0,5.0,28.0,In Stock,2024-01-10 08:29:32
d58646f7-22f0-49c6-b811-ebf935a25616,b7d5b7ee-08a6-42d6-8683-d21251281375,Blossom Cherry Bunny,SMALL,7.0,4.0,18.0,In Stock,2024-01-10 08:29:32
5ac5dfa8-ca25-4122-ab59-6c04c5b73299,48d7d76f-46c3-4faa-be23-1f83c033144c,Dainty Dessert Bunny Macaron,ONE SIZE,5.0,5.0,28.0,In Stock,2024-01-10 08:29:34
3f18e43a-b3c9-4309-8bb4-c66b940c3217,e7337b2b-0273-405c-9753-780eac36d4ff,Lottie Bunny Fairy,ONE SIZE,11.0,3.0,32.5,In Stock,2024-01-10 08:29:36
a5d3391a-97e4-42fc-adb8-cb8028e90b34,e802a3ab-02ec-4786-bc41-48143edd0a6a,Messenger Bunny,ONE SIZE,7.0,5.0,32.5,In Stock,2024-01-10 08:29:38
d97e9af9-b1c5-4232-b0ff-00134ceff01f,f58ac29b-4a25-4675-9f21-25550b427177,Smudge Rabbit Big,BIG,6.0,17.0,75.0,In Stock,2024-01-10 08:29:42
f1488a15-3ca5-4721-b4df-68b264f306c2,a2a8cd57-9f33-4522-823e-c547436f9d12,Amore Corgi,MEDIUM,10.0,7.0,40.0,In Stock,2024-01-10 08:29:43
329acf96-a831-4803-86a9-f8ca13c6fbdb,4c117074-4cc1-4dae-a867-4ff0519b6e85,Alexis Anglerfish,ONE SIZE,6.0,8.0,35.0,In Stock,2024-01-10 08:29:45
dae3a7e4-99a7-4ecf-ab1c-cecb5ab88738,b286c7c7-8285-4f21-bf66-7c57b10e291f,Bartholomew Bear Pumpkin,LARGE,14.0,8.0,55.0,In Stock,2024-01-10 08:29:47
73087b4c-bf0a-4225-b01d-214df1963195,b5ea6c86-278f-416f-ae66-65026aa083f4,Bashful Hedgehog,MEDIUM,12.0,5.0,28.0,In Stock,2024-01-10 08:29:49
63b9f419-6672-4c29-98ab-6490e8a26ed1,3e27784d-a35a-4361-a81b-28955574a3ff,Bashful Pegasus,MEDIUM,12.0,5.0,28.0,In Stock,2024-01-10 08:29:51
19be8ef7-1de7-4c95-a577-24422dbc2621,299e34eb-7e83-4377-bb75-6f921a34fce3,If I Were an Owl Board Book,ONE SIZE,6.0,6.0,13.5,In Stock,2024-01-10 08:29:52
a09e9c6c-4138-4c01-9573-c92af4df2f1a,85a85d28-bde1-49e4-beca-6a1d80845eb0,Betty Corgi Bag Charm,ONE SIZE,4.0,2.0,23.0,In Stock,2024-01-10 08:29:54
79373329-7e68-4836-a55e-bf5e6a91bd1b,f694098a-cb2e-4419-8d41-32c2d23f35c2,Rory Le Courageux Petit Lion Livre (The Very Brave Lion),ONE SIZE,9.0,9.0,15.0,In Stock,2024-01-10 08:29:55
28c0908c-7b2a-47fb-95a3-6d497b418e8a,6d7ec47a-dc7d-43e6-a442-822745016ba7,Lapin Timide Et Ses Petites Aventures Livre (Little Me),ONE SIZE,8.0,8.0,15.0,In Stock,2024-01-10 08:29:57
e34e6644-e02a-48c5-b553-fe43900d1a51,a652b8bd-05da-4d52-958c-8d04f8bcac50,Lapin Timide Veille Sur Tes Nuits Livre (The Magic Bunny),ONE SIZE,7.0,7.0,15.0,In Stock,2024-01-10 08:29:59
7a6404cd-2bc0-4c1a-9224-23b581661eb5,d7efd5e8-1415-4341-a33c-8e2227cb5343,Lapin Timide Veut Grandir Livre (When I Am Big),ONE SIZE,8.0,8.0,15.0,In Stock,2024-01-10 08:30:00
4eccd195-449d-4ba7-8f84-d05a9fd0096f,100cb5ac-86a3-4d8c-a74f-f62d0c726d4f,Bodacious Beak Parrot,ONE SIZE,9.0,4.0,30.0,In Stock,2024-01-10 08:30:02
e4301394-ddb1-4302-8836-125d70000669,9ea86f89-36b5-43a2-9bee-bc5f7dd8af85,Bodacious Beak Toucan,ONE SIZE,9.0,4.0,30.0,In Stock,2024-01-10 08:30:04
f3b2ae63-dd87-47f0-9197-ef5ce25555ea,50625b3d-5cf7-4289-b56f-00f9283ad6e4,Bryno Dino,ONE SIZE,12.0,6.0,55.0,In Stock,2024-01-10 08:30:05
c72fd238-e3bd-4b01-9450-217c3737a360,27cb5dd3-1974-4104-9366-2d564bb93436,Coquette Cutie Bunny,ONE SIZE,10.0,2.0,32.5,In Stock,2024-01-10 08:30:07
9deaf187-c9e2-4aea-b589-b64117136856,4fbe9b1a-cf1a-4b50-a9c9-4af84d75e572,Comfy Coat Bunny,ONE SIZE,7.0,3.0,25.0,In Stock,2024-01-10 08:30:08
7a68ebe0-a385-4cce-824d-1449f90e30e0,77e4880f-0d03-4182-bf97-45b14aeed631,Comfy Coat Mouse,ONE SIZE,7.0,3.0,25.0,In Stock,2024-01-10 08:30:11
ecd08391-b901-46ca-ad21-3b08c868072f,2712da3d-575b-4b19-abcf-3df638d24d0c,Cuddlebud Bernard Bunny,ONE SIZE,6.0,4.0,28.0,In Stock,2024-01-10 08:30:13
1ac04c3b-0e09-408f-b804-5e903a36b4f1,86d7f84b-a491-4e1d-982d-d2d5c0651711,Cuddlebud Darcy Dormouse,ONE SIZE,6.0,4.0,28.0,In Stock,2024-01-10 08:30:15
5a9fb5bd-8670-4f18-9930-50513aeb6a4d,5fe1b2d3-743b-4ab5-bf89-6ead93ff3e14,Cuddlebud Morgan Mole,ONE SIZE,6.0,4.0,28.0,In Stock,2024-01-10 08:30:16
97a2400a-6da6-4613-b5ee-174e7e03f07b,6804a9ab-f9c4-4447-be5e-ff7678eb127a,Daphne Pomeranian,ONE SIZE,9.0,8.0,33.0,In Stock,2024-01-10 08:30:18
3b13b7db-984b-43ab-b515-1092946f1298,266a0aa2-6db6-400d-bbbd-c741bd2008bd,Spooky Greta Gremlin,ONE SIZE,11.0,4.0,40.0,In Stock,2024-01-10 08:30:20
4c4fa223-01d5-4861-9d55-b42c01b1ea87,1e743671-9a44-4e8d-b293-cbe5fdf9622c,Harvey Bear,ONE SIZE,11.0,25.0,150.0,In Stock,2024-01-10 08:30:22
9b4987b6-1bd4-4090-8698-17dc7c17d682,ce02b8b8-86e2-4ddf-a3bb-3ac17d6fef03,Huddles Grey Elephant,ONE SIZE,10.0,6.0,45.0,In Stock,2024-01-10 08:30:23
3b7f037d-9ad0-43e1-b8fb-f57b0bb5377e,f756acfe-71b5-499d-a914-fa0034c23a84,Isadora Unicorn,ONE SIZE,13.0,13.0,65.0,In Stock,2024-01-10 08:30:25
aa8d43c5-2fc2-41cb-af70-0c48320a1db9,7d8782a7-7359-4293-adc1-db942e3e97af,Little Dragon,ONE SIZE,7.0,4.0,22.0,In Stock,2024-01-10 08:30:27
e7eb8048-5baa-4ce1-b799-54ee48c81383,3173b34b-7424-4696-8652-0fc237691118,Lois Lionfish,ONE SIZE,6.0,10.0,35.0,In Stock,2024-01-10 08:30:29
6f2f6217-2d4c-4f38-addd-1dbb58b53963,01defc0b-1f12-4989-a60e-81f2671d057a,Napping Nipper Westie,ONE SIZE,4.0,6.0,25.0,In Stock,2024-01-10 08:30:30
736d6c4b-9bb4-4294-9e8f-d653bc53d250,e080d5f3-5e58-4473-ba3e-ffe92a66206d,Otto Sausage Dog Bag Charm,ONE SIZE,4.0,2.0,23.0,In Stock,2024-01-10 08:30:32
6c46523c-4d48-448c-99ea-f00be4a7aa4a,cb6faa38-afce-408f-92e1-98b5ed65b0f3,Ricky Rain Frog Bag,ONE SIZE,7.0,7.0,40.0,In Stock,2024-01-10 08:30:34
c2d4762d-8682-48ff-9722-cd63f85134fd,cd1d1192-fe18-4644-a6e3-e14982b5c039,Stellan Sabre Tooth Tiger,ONE SIZE,19.0,7.0,75.0,In Stock,2024-01-10 08:30:35
d656ad8d-6a0c-43ef-87f2-bbcba01d52ba,165fe72e-b81e-4634-9e28-ecfce39cc7e2,Sweater French Bulldog Purple,ONE SIZE,7.0,7.0,32.5,In Stock,2024-01-10 08:30:37
8bb37749-be19-48bb-b9e4-b8bf6e352830,cdaeba79-b67b-4e13-8765-6e50666baafc,Bashful Snow Tiger Soother,ONE SIZE,13.0,13.0,25.0,In Stock,2024-01-10 08:30:38
6d680852-c4d2-4dbf-a35f-1a2d5223f0e4,0a92b8b1-ba09-40d6-b585-196c123ad6a3,Spindleshanks Spider,SMALL,3.0,14.0,27.5,In Stock,2024-01-10 08:30:40
af5f14d5-4dfe-4f67-a517-e3db0875ea19,b9a90061-cca5-4d58-a2f4-9ea1da53169f,Stanley Stick Insect,ONE SIZE,3.0,11.0,28.0,In Stock,2024-01-10 08:30:42
82a51db0-b90c-416f-b47c-06d32540dc5d,00c82b89-bd4e-4645-af7c-9ac207495843,Viggo Mammoth,ONE SIZE,19.0,7.0,75.0,In Stock,2024-01-10 08:30:44
80b0903d-d39d-44c3-8049-1d819768a93b,b17f325a-1af6-4ccd-ab81-04050149963d,Maya Octopus,REALLY BIG,30.0,12.0,130.0,In Stock,2024-01-10 08:30:47
589ee54e-7215-4925-8811-a3725f8141d1,b17f325a-1af6-4ccd-ab81-04050149963d,Maya Octopus,LARGE,19.0,7.0,53.0,More on the way,2024-01-10 08:30:47
7256639e-8569-4922-8bc0-6a135bb21322,b17f325a-1af6-4ccd-ab81-04050149963d,Maya Octopus,LITTLE,9.0,4.0,30.0,Returning to stock 3-4 weeks,2024-01-10 08:30:47
2e79513f-76c5-42e8-8708-5b1a3a8ec33e,b17f325a-1af6-4ccd-ab81-04050149963d,Maya Octopus,TINY,6.0,3.0,18.0,In Stock,2024-01-10 08:30:47
65c3af16-33b4-47a9-a288-88d3394b8bdc,d23f0aaf-2c1a-4db9-a7e8-00345a8e02da,Albert Jack Russell,ONE SIZE,7.0,6.0,30.0,In Stock,2024-01-10 08:30:49
bd3c1d43-5bcc-4e14-9631-f68b7a1a3bd8,699769ab-8c78-47d3-ae77-a6359b690fe7,Birdling Hummingbird,ONE SIZE,4.0,2.0,17.0,In Stock,2024-01-10 08:30:51
a8e79992-e6bd-48d8-b241-e450a175a9af,a7b5fdd9-8845-4aee-898a-1e55ac6a1d00,Bashful Christmas Bunny,MEDIUM,12.0,5.0,27.5,In Stock,2024-01-10 08:30:53
cb18ff7d-5ddf-412c-b0da-2cd676a59a81,6164088b-3229-4b11-9c54-e33d874d80cf,Bashful Luxe Bunny Luna,HUGE,20.0,8.0,85.0,In Stock,2024-01-10 08:30:55
5db06fe3-73ae-49a8-b7cb-4aa0bb249ca4,6164088b-3229-4b11-9c54-e33d874d80cf,Bashful Luxe Bunny Luna,MEDIUM,12.0,5.0,35.0,In Stock,2024-01-10 08:30:55
afe0d204-5da2-4a41-90b0-f74a638c4993,0b7798e5-81f9-46bc-95b6-daba326df802,Bashful Christmas Bunny Decoration,TINY,5.0,2.0,15.0,In Stock,2024-01-10 08:30:57
ae97c63c-0223-41a1-bfe1-c81e5bd9554c,a696b9b8-b37b-48b5-bf66-9e465a57e561,Merry Mouse Book,ONE SIZE,7.0,7.0,15.0,In Stock,2024-01-10 08:30:59
e53bb82f-b0e9-4efa-99a4-74b1cbdbbed0,b5472eac-9ab5-41c8-af15-cf67e46620ad,Otto’s Snowy Christmas Book,ONE SIZE,7.0,9.0,15.0,In Stock,2024-01-10 08:31:00
99607452-8275-42a9-b34a-57542659c032,85e584f7-3019-4fe5-944d-25c9658c0611,The Playful Polar Bears Book,ONE SIZE,8.0,8.0,15.0,In Stock,2024-01-10 08:31:03
b83da724-bcbc-4aad-8029-c43dfed492f3,9d1b2004-fd8c-4bd8-a2ba-aff3126456ea,Mitzi Reindeer’s Dream Book,ONE SIZE,8.0,8.0,15.0,In Stock,2024-01-10 08:31:06
d26e20ff-428c-41bd-ab1a-9b7ec191bafa,2ecb4003-f365-446a-98ec-caace6eacd97,Festive Folly Penguin,ONE SIZE,4.0,2.0,12.5,In Stock,2024-01-10 08:31:08
946f9f1b-2070-4641-94db-575308b5f5bd,909aad66-3be5-4d32-8c40-11a1a809e6c8,Sofia Reindeer,ONE SIZE,17.0,5.0,60.0,In Stock,2024-01-10 08:31:09
1e7c6470-fdf0-409c-8aff-3048a1c864a0,7a1c5d28-3503-416a-9a3a-df768a072413,Christmas Grizzo,ONE SIZE,11.0,4.0,37.5,In Stock,2024-01-10 08:31:12
8edb444a-290e-4a37-941b-1e40920f0338,ed43aecb-9054-46ec-b7e1-8a038ec90000,Maurice Macaroni Penguin,ONE SIZE,8.0,5.0,32.5,In Stock,2024-01-10 08:31:15
2ff2c623-c9be-4a13-a861-a726ee81ecf9,465c191b-695e-4fbb-aa8c-102172d0764e,Merry Mouse,ONE SIZE,7.0,4.0,27.5,In Stock,2024-01-10 08:31:17
cf97733b-ecae-42ae-ac6d-55ea9b6539eb,0354d9cf-f287-4a20-9ec2-923aa605b984,Merry Mouse Present,ONE SIZE,7.0,4.0,27.5,In Stock,2024-01-10 08:31:18
a834ce13-c2e8-452c-a057-c0e1aacfea4f,2f6449dd-0572-43fb-a935-f224395a0dba,Merry Mouse Skiing,ONE SIZE,8.0,5.0,37.5,In Stock,2024-01-10 08:31:20
1758b468-c157-4cc4-9515-daee9a392739,972d09ba-145b-47f3-b775-4a3f512920d5,Winter Warmer Otto Sausage Dog,ONE SIZE,6.0,3.0,32.5,In Stock,2024-01-10 08:31:21
f47491cd-340e-4a75-8612-6618a4d04249,73a289ef-59ca-438f-a2e6-7776eb2e1812,Personalised Bashful Luxe Bunny Luna Huge,HUGE,20.0,8.0,91.0,In Stock,2024-01-10 08:31:23
9648d7a2-196e-4050-b53b-329f235adbc5,1a4f81c9-bf4b-41fc-ae51-f75d22bd2518,Personalised Bashful Luxe Bunny Luna Medium,MEDIUM,12.0,5.0,41.0,In Stock,2024-01-10 08:31:26
a240df8f-70d2-4463-9c10-d5c93f28124b,067e3401-7971-40fd-8c32-da49b4df36aa,Winter Warmer Pippa Black Labrador,ONE SIZE,9.0,3.0,32.5,In Stock,2024-01-10 08:31:27
c9dcd263-ee70-4baf-9bdd-aa8bddd803bf,236085f6-a9c8-4cfe-ad0b-29f1b9a08291,Santa Ricky Rain Frog,ONE SIZE,6.0,5.0,35.0,In Stock,2024-01-10 08:31:29
a4b6e80a-d580-429a-9ede-234924f83038,e9ec36ac-c832-4565-811f-7c3f0ce0b6cd,Otto's Snowy Christmas Book & Winter Warmer Otto Sausage Dog,ONE SIZE,,,47.5,In Stock,2024-01-10 08:31:31
4966d6e0-f681-401c-8675-a3ac2a4a5dc3,e2280fa1-8b3d-4f94-b3f1-aa6a759d7a2f,Amuseabean Bunny,ONE SIZE,4.0,4.0,20.0,In Stock,2024-01-10 08:31:33
b2eaa2a4-33cb-4eb6-b26d-1748957ef78d,bf25d0d2-4422-40d1-ab23-572a7e82123e,Amuseabean Highland Cow,ONE SIZE,4.0,4.0,20.0,In Stock,2024-01-10 08:31:34
ff2700fb-1496-420b-8c92-4b0f442845dd,e74358c3-2677-4637-9f3f-5195c12a68c1,Amuseabean Ram,ONE SIZE,4.0,4.0,20.0,In Stock,2024-01-10 08:31:36
0b0ac351-1719-4a98-9b7c-0c2e18c8149e,4fcecfd4-a646-4f1f-b85d-0bab18a4ed34,Bartholomew Bear Bag Charm,ONE SIZE,5.0,2.0,23.0,In Stock,2024-01-10 08:31:38
e5162da7-df09-4e25-abd8-1ca59b34e398,a08732b9-69d3-4ec2-af3d-b3e3cfe875cc,Bashful Luxe Bunny Rosa,HUGE,20.0,8.0,85.0,More on the way,2024-01-10 08:31:40
45f7502c-ad7c-4445-98a8-e3668225f86e,a08732b9-69d3-4ec2-af3d-b3e3cfe875cc,Bashful Luxe Bunny Rosa,MEDIUM,12.0,5.0,35.0,In Stock,2024-01-10 08:31:40
20ed4030-4db2-4501-9a9c-89fb37e808a0,19b40340-3f80-44fb-a265-293aadc47f7c,Bashful Luxe Bunny Willow,HUGE,20.0,8.0,85.0,More on the way,2024-01-10 08:31:42
3076057c-50ba-4f7a-ae56-6b137c9c392c,19b40340-3f80-44fb-a265-293aadc47f7c,Bashful Luxe Bunny Willow,MEDIUM,12.0,5.0,35.0,In Stock,2024-01-10 08:31:42
93db24e8-4247-4950-81c2-66e826bc1549,b3bd0aca-ccba-457e-83a0-fefbe6bf7d5a,Birdling Goldfinch,ONE SIZE,4.0,3.0,17.0,In Stock,2024-01-10 08:31:44
c6f6b42c-fec9-487b-ae49-e802b11af506,f44d0768-76ab-42ee-a88b-ab345f5becc6,Birdling Swallow,ONE SIZE,4.0,3.0,17.0,In Stock,2024-01-10 08:31:46
28392897-6832-473e-b0ec-1b7d75562717,570e363e-8201-40cc-80cb-f64a806aa3bb,Blowzy Belle Sheep,ONE SIZE,16.0,4.0,37.5,In Stock,2024-01-10 08:31:47
3cad5c04-ab87-4f18-9785-675479279e8e,ef979d46-f381-497c-a27b-085207285f9f,Fou Fou Ostrich,ONE SIZE,8.0,6.0,28.5,In Stock,2024-01-10 08:31:48
8b08b98c-a1c6-4826-831b-ab6826d2c73c,e779dd5c-4f3d-4acb-a9b9-1dba16a07163,Fou Fou Peacock,ONE SIZE,8.0,6.0,28.5,In Stock,2024-01-10 08:31:50
59d72668-43a4-4282-9c9a-24008edbb8d6,4b74cac4-357d-44a1-8342-78ecf608fa6c,Fuzzkin Monkey,ONE SIZE,9.0,4.0,25.0,In Stock,2024-01-10 08:31:52
33c03155-3a27-4d33-ac99-42dc52a984e7,63c4a1a0-4b90-48d1-b104-a57a63faf660,Ginny Goat,ONE SIZE,10.0,6.0,35.0,In Stock,2024-01-10 08:31:53
249e5e70-a845-4b9c-a19f-d4ab93cea5ab,829a623f-05fc-4785-99d7-31883f46bf5e,Gracie Grouper Fish,ONE SIZE,4.0,10.0,30.0,In Stock,2024-01-10 08:31:55
2b56089b-e66b-42ac-a1e6-a5937a9bcf14,2576e0fe-0f61-4b5a-9ffc-4884e1a8e737,Hector Fox Terrier,ONE SIZE,9.0,4.0,35.0,In Stock,2024-01-10 08:31:57
357cdbaa-1d7d-4b85-aa20-a1da3c4d1f59,43725334-0306-4104-96d8-805d522f1c4e,Jinx Monster,ONE SIZE,17.0,6.0,35.0,In Stock,2024-01-10 08:31:58
f89099d5-677c-45ae-9a26-46e101992921,fcac0e76-31e9-4a1b-a6be-58582845dc18,Jollipop Cat,ONE SIZE,8.0,4.0,23.5,In Stock,2024-01-10 08:32:01
bb53727d-1fe9-456f-810e-ceaf5c999962,0d59bcb8-a8d4-496f-b70d-bc7c1a5c3a9b,Jollipop Puppy,ONE SIZE,8.0,4.0,23.5,In Stock,2024-01-10 08:32:03
9e72b1f3-4d4a-4694-b800-102a776b818c,cc7b7b59-8ca2-4172-ad5b-8b855a8f5274,Lavender Dragon,HUGE,7.0,26.0,120.0,In Stock,2024-01-10 08:32:06
45c475a6-7e57-4558-8cf5-1c54c99ec6b0,cc7b7b59-8ca2-4172-ad5b-8b855a8f5274,Lavender Dragon,MEDIUM,5.0,20.0,65.0,In Stock,2024-01-10 08:32:06
db43e8f1-666b-425e-9347-b5909e135230,cc7b7b59-8ca2-4172-ad5b-8b855a8f5274,Lavender Dragon,LITTLE,3.0,12.0,32.5,In Stock,2024-01-10 08:32:06
fc0d9766-1ccb-4e31-8e65-b642e313d79a,a1be7aa9-2dfb-4215-980a-c94737268feb,Lila Ballerina Bunny,ONE SIZE,13.0,2.0,35.0,In Stock,2024-01-10 08:32:07
228f4c29-d9e3-487d-9a22-b3c35a32c972,54ddd4d1-9473-44ab-8bc0-3233d7ae1488,Madison Monkey,ONE SIZE,13.0,2.0,32.5,In Stock,2024-01-10 08:32:09
77b3a544-5d24-4082-b973-f8568db4a81e,cd5a523e-b0cd-4f23-9ad4-b571fb414e05,Ollivander the Orca,ONE SIZE,9.0,25.0,70.0,In Stock,2024-01-10 08:32:11
5f3e2fa0-17a2-421d-b969-7f7c2d98708f,74370aff-6df7-4396-9499-b0b8edd45f67,Oswald Orangutan,ONE SIZE,13.0,12.0,65.0,In Stock,2024-01-10 08:32:12
34dd745d-8135-433b-bed4-7103a65924b7,35ad9618-3630-4f15-afa7-2dff39a85a65,Personalised Bashful Luxe Bunny Willow Huge,HUGE,20.0,8.0,91.0,In Stock,2024-01-10 08:32:14
49675696-be8e-44e4-bce3-e927b34fe754,3785f48e-1552-45ff-864b-8a0a911b72db,Personalised Bashful Luxe Bunny Rosa Medium,MEDIUM,12.0,5.0,41.0,In Stock,2024-01-10 08:32:16
7c6231f1-c84a-4257-9dc6-dc44e2a0f06a,063e8828-4e93-4597-8f69-d61616dd8cca,Personalised Bashful Luxe Bunny Willow Medium,MEDIUM,12.0,5.0,41.0,In Stock,2024-01-10 08:32:18
b7a96c6d-6074-45d0-b632-13887779f48c,6799ffb3-8b2e-4348-ae72-5fdd35bf8dff,Personalised Lavender Dragon Huge,HUGE,7.0,26.0,126.0,In Stock,2024-01-10 08:32:20
77f99557-35b9-4172-b35a-e5a956720f00,e6f5b041-f15f-4e09-ae1c-e86ec6eb900e,Pippa Black Labrador,ONE SIZE,9.0,4.0,33.0,In Stock,2024-01-10 08:32:22
d4d31ef1-d52d-4aae-bd49-f05f86586b27,ca4937e4-ec83-4ef9-9b44-d18197076baf,Quaxy Elephant,ONE SIZE,10.0,6.0,35.0,In Stock,2024-01-10 08:32:24
bcd6a0c8-644b-4067-b4f2-bc3612c7f20c,47506da1-657a-44ac-8445-dc7731a213a9,Quaxy Pig,ONE SIZE,10.0,6.0,35.0,In Stock,2024-01-10 08:32:25
3593cf5e-b17b-4dee-88f4-8fe671934ef7,15731334-dd4e-4512-98b5-1579d6c5c820,Ramonda Ostrich,ONE SIZE,22.0,6.0,40.0,In Stock,2024-01-10 08:32:27
bcbd9ee5-963c-465b-aa0d-46f031001442,18e21c75-d79c-413a-935d-674391ed0b72,Rock-a-Bye Kitten,ONE SIZE,7.0,4.0,30.0,In Stock,2024-01-10 08:32:28
77868760-a9cb-4e71-b112-266d13f1f751,3d8a78b0-713b-4348-8e3a-87d25b3bbfe1,Sweetsicle Bunny,ONE SIZE,6.0,3.0,20.0,In Stock,2024-01-10 08:32:30
eeb42155-250c-440a-a3f1-66c2daabc091,2a49e62b-5932-4a58-a24b-7dbe020afbba,Syd Salamander,ONE SIZE,10.0,4.0,27.5,In Stock,2024-01-10 08:32:32
354d6189-d096-4deb-858e-df3bc189f741,a5a5edbf-de81-497b-9265-fd9ee71b955d,Bashful Hot Pink Bunny,MEDIUM,12.0,5.0,28.0,In Stock,2024-01-10 08:32:34
40748f4f-b1b7-4a60-a97c-147dc9b7b408,a5a5edbf-de81-497b-9265-fd9ee71b955d,Bashful Hot Pink Bunny,SMALL,7.0,4.0,18.0,In Stock,2024-01-10 08:32:34
9d50ee3f-0f05-4a22-8f29-c909ed3e7ada,5fa9e5d4-80a9-48db-a0d4-a101249a5e41,Bashful Sunshine Bunny,MEDIUM,12.0,5.0,28.0,In Stock,2024-01-10 08:32:36
04f00d71-9412-47ff-9af0-52cbdac987b5,5fa9e5d4-80a9-48db-a0d4-a101249a5e41,Bashful Sunshine Bunny,SMALL,7.0,4.0,18.0,In Stock,2024-01-10 08:32:36
1d2be8c6-144a-4151-afa9-a178625110a0,6b783cca-e4d1-40f5-a0b2-cc3906c90975,Goodnight Bunny Book,ONE SIZE,7.0,7.0,15.0,In Stock,2024-01-10 08:32:39
828f2c95-8470-4a4c-bd85-72668e2551ae,beb2310b-79a3-4499-bb64-f98d6f9c41b1,Bluebell Butterfly,ONE SIZE,8.0,13.0,33.0,In Stock,2024-01-10 08:32:40
5c2a957e-175d-43a0-88bf-4cc2beb84749,9bdf0df4-8944-4826-a112-8fd9e54d5202,Bonnie Bunny with Egg,ONE SIZE,6.0,3.0,23.5,In Stock,2024-01-10 08:32:42
46d2875d-5be5-4894-b627-69287bf984ea,742cf36e-f227-412a-9f31-0a7d43c1394e,Burly Boo Sheep,ONE SIZE,7.0,5.0,25.0,In Stock,2024-01-10 08:32:44
d1a032bb-21b9-463b-9859-9e42b7743c5c,e764874e-a823-4303-8710-ecd98eefef8e,Cluny Cockerel,ONE SIZE,9.0,5.0,35.0,In Stock,2024-01-10 08:32:45
7e84fa39-1a22-4128-b5c3-e044c932517d,434ce8af-6076-458a-b316-3b22de471333,Escarfgot Purple,ONE SIZE,6.0,3.0,20.0,In Stock,2024-01-10 08:32:47
4eb9161c-040d-40ba-a982-9d2239f9554d,efbe9d48-eb97-4f6a-8e53-0c4fdf0a13e2,Escarfgot Pink,ONE SIZE,5.0,2.0,20.0,In Stock,2024-01-10 08:32:48
127aaaa6-b2e9-43e2-8358-31bbca416d75,64dd9123-f5fc-4629-a4ba-a3dc0ee1dc9f,Bashful Hot Pink Bunny with Personalised Cream Jumper,MEDIUM,12.0,5.0,38.0,In Stock,2024-01-10 08:32:50
fb732b9b-729b-47b2-8a50-3034301f74d1,638bfab1-1fca-4bd4-9d7c-c6a5189732b1,Bashful Sunshine Bunny with Personalised Cream Jumper,MEDIUM,12.0,5.0,38.0,In Stock,2024-01-10 08:32:53
176a1b3b-65c6-4139-baf6-c20752f2de1d,6b6f7265-edf5-48e8-8afa-8298ad036d36,Bashful Hot Pink Bunny with Personalised Navy Jumper,MEDIUM,12.0,5.0,38.0,In Stock,2024-01-10 08:32:55
44ba2a7d-cfcc-4ef9-91da-6ff56fe34264,116ec7c5-fce7-4722-a46b-3be212aca713,Bashful Sunshine Bunny with Personalised Navy Jumper,MEDIUM,12.0,5.0,38.0,In Stock,2024-01-10 08:32:57
b6431ffa-aeaa-4189-9ce3-6141a13701a1,78724ee2-7078-40e4-81a9-91de79c9b6f9,Bashful Sunshine Bunny with Personalised Red Jumper,MEDIUM,12.0,5.0,38.0,In Stock,2024-01-10 08:32:58
c852ad12-98bf-4784-83e5-ea66a5069d08,ff0a6856-6e41-4886-ab44-45ec9ec7d690,Layla Ladybird,ONE SIZE,3.0,6.0,25.0,In Stock,2024-01-10 08:33:00
d51cdd29-b085-4969-91a8-2107efdc8c0c,9c1cc7e1-f9f6-47bb-9309-7d15ac17c062,Nesting Bunnies,ONE SIZE,4.0,6.0,35.0,In Stock,2024-01-10 08:33:02
ace21170-1a14-4c4b-b5c4-37522ba06ce7,f5ed618b-b7e1-43f8-ba5a-b97a88c9c91c,Personalised Bashful Hot Pink Bunny Medium,MEDIUM,12.0,5.0,34.0,In Stock,2024-01-10 08:33:03
efd9f1f6-69c6-4bb6-a05b-17f8f8468548,0af67280-1bc6-4058-b27a-e6a716c298db,Personalised Bashful Sunshine Bunny Medium,MEDIUM,12.0,5.0,34.0,In Stock,2024-01-10 08:33:06
57d2aef6-196b-4ef9-87d0-5fbcb32e5ad1,86a309b7-403e-4766-87d7-a5befad28887,Blossom Heart Blush Bunny,ONE SIZE,6.0,3.0,17.5,In Stock,2024-01-10 08:33:07
0c0ad2b8-41c2-4b0a-a23f-37570b9f877a,9f7f2bfe-a915-45be-a061-50e3639bb6b8,Blossom Heart Tulip Bunny,ONE SIZE,6.0,3.0,17.5,In Stock,2024-01-10 08:33:09
e3c6cafd-20be-4804-9908-12bb771abc0e,2c51696d-d242-4acc-820d-615cf9eaff90,Crowning Croaker Green Frog,ONE SIZE,5.0,3.0,17.5,In Stock,2024-01-10 08:33:17
b37940e6-0453-4252-b16e-f9b1ff45537f,fb570ec8-bfdd-481d-a006-17a90187c613,Love-Me Lobster,ONE SIZE,6.0,3.0,24.0,In Stock,2024-01-10 08:33:19
ffbb0f23-4bbe-44cb-bdd9-168dda7d9a83,28e58ed8-106c-40e4-b4ae-fb293272e24d,Ambrosie Fox,ONE SIZE,9.0,5.0,35.0,In Stock,2024-01-10 08:33:20
49d1f64b-33e1-4265-98ac-c54d504cf39e,d37a0b39-2eb3-4b76-b32e-d751c174861a,Ambrosie Hare,ONE SIZE,9.0,4.0,35.0,In Stock,2024-01-10 08:33:22
decd20cd-7832-42b9-8817-4ad73838cb3e,9b013287-b1d8-451a-9486-4afdd20cbfde,Anoraknid Black Spider,ONE SIZE,5.0,4.0,20.0,In Stock,2024-01-10 08:33:23
ee292dca-879c-410f-8ca3-7c8356ff45bf,9946a64e-cf1d-4a4d-8213-1ff0ab0afd67,Andie Axolotl,MEDIUM,11.0,5.0,32.5,In Stock,2024-01-10 08:33:25
8f616531-a0ed-4c68-847e-b6a6c0e4292b,9946a64e-cf1d-4a4d-8213-1ff0ab0afd67,Andie Axolotl,SMALL,7.0,2.0,22.0,Out of stock,2024-01-10 08:33:25
fcc8729e-b086-4445-b7c8-6ed3f003bde8,cc2d0a77-68c9-4ef2-85e5-1f98d9f747c6,Bashful Golden Bunny,MEDIUM,12.0,5.0,28.0,In Stock,2024-01-10 08:33:28
2fe017bc-97fd-49a3-af58-bc873c0809aa,cc2d0a77-68c9-4ef2-85e5-1f98d9f747c6,Bashful Golden Bunny,SMALL,7.0,4.0,18.0,In Stock,2024-01-10 08:33:28
6923d6b2-4566-456d-8465-77bb4e3f14f0,d598ffdb-9de9-4aba-89ea-8caa0f1034a8,Bashful Mineral Blue Bunny,MEDIUM,12.0,5.0,28.0,In Stock,2024-01-10 08:33:30
58f3f22f-8b00-4987-97be-206c86800af4,d598ffdb-9de9-4aba-89ea-8caa0f1034a8,Bashful Mineral Blue Bunny,SMALL,7.0,4.0,18.0,Out of stock,2024-01-10 08:33:30
cb05dca2-65b7-420e-884d-82b0211c925b,459c08ff-1608-4601-9a88-1b3d8830c203,Bashful Wolf,MEDIUM,12.0,5.0,28.0,In Stock,2024-01-10 08:33:32
6722bea6-43a5-40ed-a58a-6528c9cea314,1f0e905a-993b-4651-8e4d-7f1713404009,Wrapabat Black,ONE SIZE,6.0,2.0,20.0,In Stock,2024-01-10 08:33:34
81f7f460-c346-4adb-a015-c38054f8a356,9944fa2e-9985-4339-8337-2c994e7ab6cc,Beatnik Buddy Poodle,ONE SIZE,11.0,3.0,28.0,In Stock,2024-01-10 08:33:35
068faf68-8129-4137-af5a-f57438dabc71,fcb7759f-3805-4945-b7ec-f65eb7e45125,Beatnik Buddy Sausage Dog,ONE SIZE,11.0,3.0,28.0,In Stock,2024-01-10 08:33:37
673f899d-324a-4588-96bc-a2951861f3e9,85e27993-6c94-401b-b420-420486db3130,Daddy Loves Me Book,ONE SIZE,6.0,6.0,20.0,In Stock,2024-01-10 08:33:39
51dcca19-f5b2-4b84-ba6b-deb3633d7081,0ead11ec-d9a8-4a9e-ace6-e35071cfc03e,Mummy Loves Me Book,ONE SIZE,6.0,6.0,20.0,In Stock,2024-01-10 08:33:42
d6f3f4b4-d79e-4911-91fc-659b99636c3f,43b51e6e-fd96-4299-8e27-9df7a80f9aeb,Backpack Wolf,ONE SIZE,9.0,4.0,30.0,In Stock,2024-01-10 08:33:44
22a50dfb-5f3b-4492-ab91-1efb19cbb401,4a629681-0c38-46c0-aa4e-c092b37f9f24,Big Spottie Unicorn,ONE SIZE,17.0,6.0,75.0,In Stock,2024-01-10 08:33:46
0a090647-a21a-496c-89ab-6b721859ce3e,2b3810a0-69f7-49a9-b47e-2e969ec6dfd1,Cozy Crew Seahorse,ONE SIZE,7.0,2.0,25.0,In Stock,2024-01-10 08:33:48
bde90070-0f87-4bab-b67a-77cb16d8fabd,7dd6a33c-91c3-425a-8708-48b064aa718d,Davey Dilophosaurus,ONE SIZE,11.0,5.0,32.5,In Stock,2024-01-10 08:33:50
17ddc547-1c23-4b7d-b241-646627dfaa45,3681f3df-aa3c-45c9-add9-ded4734dab59,Delano Dorado Fish,ONE SIZE,5.0,10.0,27.5,In Stock,2024-01-10 08:33:52
83853e91-f967-40b9-9c74-0a1128c0a639,64134d0c-4d3c-4c3d-9bd2-a713f7ea6f0b,Evelyn Swan,ONE SIZE,19.0,6.0,40.0,In Stock,2024-01-10 08:33:54
37d83e51-6fc5-48c8-97f7-feded19f0194,ed6ef858-334a-4c65-b40a-06283d6ffc81,Fishiful Blue,ONE SIZE,5.0,6.0,17.5,In Stock,2024-01-10 08:33:55
8461fbf4-a45b-4c21-87be-776b7650bba7,76aac296-ab5d-409f-b987-07b12b948f47,Fishiful Orange,ONE SIZE,5.0,6.0,17.5,In Stock,2024-01-10 08:33:57
2d47d3b7-8a3e-46f0-aa71-f3c29241f6ad,0b26919c-f20b-4b48-b84b-1a61bd95c32d,Fishiful Pink,ONE SIZE,5.0,6.0,17.5,In Stock,2024-01-10 08:33:59
cc71c01b-7096-4a34-b9f5-17017966f601,904322c7-2a3e-408b-9cb4-35e3df6e1d1b,Forest Fauna Bear,ONE SIZE,7.0,6.0,32.5,In Stock,2024-01-10 08:34:01
44c4766d-8a47-472e-aa12-b76a20f56a20,7896d5cd-6d23-4070-ac4a-7732b98fdbf4,Forest Fauna Frog,ONE SIZE,8.0,4.0,32.5,In Stock,2024-01-10 08:34:03
c3cd8dc2-29a9-4532-8cb3-fd9e169a926e,bccb903c-60ef-4213-a76b-128a71d4a6b2,Forest Fauna Owl,ONE SIZE,7.0,4.0,32.5,In Stock,2024-01-10 08:34:04
341d1b8e-04e5-4190-a259-d5e2398e8398,d5f8aeb6-dd05-429f-9fa9-f8220d047f9d,Freddie Sausage Dog,LARGE,7.0,7.0,30.0,Out of stock,2024-01-10 08:34:06
d201bce7-e57a-4a01-aec6-f1c2459a484a,d5f8aeb6-dd05-429f-9fa9-f8220d047f9d,Freddie Sausage Dog,SMALL,5.0,7.0,22.0,In Stock,2024-01-10 08:34:06
8a6f1dad-4a45-414c-b777-509d6e5101f9,929fff8c-5528-44b1-a23f-bf7c1ef070c5,Gilbert the Great Blue Whale,ONE SIZE,7.0,22.0,85.0,In Stock,2024-01-10 08:34:08
50d0abbd-ad46-4f52-a40c-a33343496db2,6df9a0a1-82bd-43fa-96e5-f19365dbffcd,Glamorama Cat,ONE SIZE,16.0,4.0,40.0,In Stock,2024-01-10 08:34:10
1dfef404-6514-4640-8d14-bb76de9a8ae5,6dc85501-cfa5-4bb3-8d61-9d7e69005196,Glamorama Pig,ONE SIZE,11.0,6.0,40.0,In Stock,2024-01-10 08:34:12
0b573dca-09b9-4960-81dc-9c3ac203efcd,78abbaa7-7daf-42cd-94f3-a3e5ad9af6a3,Grizzo Gremlin,ONE SIZE,11.0,4.0,35.0,In Stock,2024-01-10 08:34:13
12946616-3d76-4f3b-88a8-e6ad9a0b3b6a,e3a25dc0-3bce-491f-927b-83fe0e6172f2,Hamish Hedgehog,ONE SIZE,8.0,16.0,75.0,In Stock,2024-01-10 08:34:15
b685c73a-93f7-4fad-aa11-a7bd795a1ac3,21a4075f-344e-4618-bd35-fe56ba9d0ec1,Humphrey the Humpback Whale,ONE SIZE,8.0,20.0,85.0,In Stock,2024-01-10 08:34:16
5063efe4-5e24-492c-aaf0-c59ff8e0a47d,69ad6c22-8063-4fe8-ad4b-a8c89ffb1f81,Bashful Golden Bunny with Personalised Cream Jumper,MEDIUM,12.0,5.0,38.0,In Stock,2024-01-10 08:34:18
5e126e2f-72c2-4cf2-afea-98c7a968c0c4,8c6fa025-7280-4dd3-843e-3c91cc965ae8,Bashful Mineral Blue Bunny with Personalised Cream Jumper,MEDIUM,12.0,5.0,38.0,In Stock,2024-01-10 08:34:20
7dfe6263-be4c-4011-a7dc-e102c1cfc16c,2332e1bd-62b1-403c-8ece-00cf944a13ca,Bashful Golden Bunny with Personalised Navy Jumper,MEDIUM,12.0,5.0,38.0,In Stock,2024-01-10 08:34:22
f3037665-05d4-4eb1-b06e-077e1c0532d4,637383ab-3e24-4774-988c-eb17d0106a0a,Bashful Mineral Blue Bunny with Personalised Navy Jumper,MEDIUM,12.0,5.0,38.0,In Stock,2024-01-10 08:34:24
f366ef90-2be9-4caa-95c1-6b37a30877bd,b9654a19-ffda-4c32-9ca8-8e78b48ab422,Bashful Golden Bunny with Personalised Red Jumper,MEDIUM,12.0,5.0,38.0,In Stock,2024-01-10 08:34:26
d5cf81ae-cc2c-4052-8fcf-f7e5d934e794,f1e58d1a-9a9f-49f4-9131-89bc68d44a31,Bashful Mineral Blue Bunny with Personalised Red Jumper,MEDIUM,12.0,5.0,38.0,In Stock,2024-01-10 08:34:28
6dc7b573-ea81-4d44-9f54-e211b681817d,43c2b98e-1493-4e68-806f-3f7aee5ffe27,Bashful Wolf with Personalised Red Jumper,MEDIUM,12.0,5.0,38.0,In Stock,2024-01-10 08:34:36
0343c8ac-f915-496f-88f9-bb5228f14d18,0cfda3fd-dd02-4708-ba0a-0338d6a4af93,Little Tiger,ONE SIZE,7.0,4.0,22.0,In Stock,2024-01-10 08:34:37
e71c9b6f-1047-470e-95ef-5baf306364fa,00d25d40-367c-4da7-904c-3e459804781f,Letty Jellyfish,ONE SIZE,23.0,6.0,39.5,In Stock,2024-01-10 08:34:39
87452498-acab-4f01-9450-994b873143d5,13d281c0-b934-45ec-8995-6dfc9bf67fc9,Napping Nipper Dog,ONE SIZE,4.0,6.0,25.0,In Stock,2024-01-10 08:34:40
fccd5ae6-8fcb-4435-b422-0a15aebdc87c,92d3b73d-4276-4c6a-9a3d-721f6b3e85a4,Nippit Beaver,ONE SIZE,5.0,3.0,15.0,In Stock,2024-01-10 08:34:42
87e86bcf-b928-4f9d-a5ef-867e2d0e47b9,c3d4078a-e91b-40d3-8b10-5a2917c4d4ad,Nippit Owl,ONE SIZE,5.0,3.0,15.0,In Stock,2024-01-10 08:34:44
061a5e69-9659-4a48-9aa1-c02bfb5d1a2d,e2e2171b-9876-4a6c-9913-c435249b4e9d,Oakley Owl,ONE SIZE,9.0,5.0,32.5,In Stock,2024-01-10 08:34:45
dca25628-835c-40e1-b25d-724d7a2ca6bd,53c5bc2a-04cf-498c-ad0c-3b5ea8e4d164,Oberon Owl,ONE SIZE,10.0,5.0,30.0,In Stock,2024-01-10 08:34:47
e0597977-52b0-4529-8177-f834e32557dc,445f4087-f249-4651-a7d4-bfadce8bae31,Pongo Orangutan,HUGE,23.0,7.0,65.0,In Stock,2024-01-10 08:34:48
2890d7dc-e796-49f1-92c0-c9efedc93d09,a2824549-d5db-4c79-968f-7019720af9cf,Otto Sausage Dog,HUGE,11.0,13.0,75.0,Out of stock,2024-01-10 08:34:50
9884115f-0080-423b-85d4-77f599d0ecb4,a2824549-d5db-4c79-968f-7019720af9cf,Otto Sausage Dog,LARGE,7.0,7.0,30.0,More on the way,2024-01-10 08:34:50
444288a2-e295-421d-8c77-3038118796c3,a2824549-d5db-4c79-968f-7019720af9cf,Otto Sausage Dog,SMALL,5.0,7.0,22.0,In Stock,2024-01-10 08:34:50
f49b8cd5-11f0-4406-9479-206943fd02b9,0dac6609-4453-456f-ba78-f269e84ba36c,Personalised Bashful Golden Bunny Medium,MEDIUM,12.0,5.0,34.0,In Stock,2024-01-10 08:34:52
0672f995-d083-46aa-818e-6b926f9bb923,47473f8b-04e1-4530-a0d3-7f6c6e5074cf,Personalised Bashful Mineral Blue Bunny Medium,MEDIUM,12.0,5.0,34.0,In Stock,2024-01-10 08:34:54
5a4b1190-86f4-427d-a1ac-8cc04de11801,82f2d4a9-8335-42d8-a9fb-8534b34b98cd,Pip Monster,SMALL,9.0,4.0,22.5,In Stock,2024-01-10 08:34:56
c7c1fec1-f1ef-4701-82ba-f1a09ce6983f,d91c6ac9-22e8-43be-8304-92fa0cc0aaf3,Rock-a-Bye Mouse,ONE SIZE,7.0,4.0,30.0,In Stock,2024-01-10 08:34:57
ff889843-dcd3-4c7c-8887-c6ba34566ad9,f58f9f08-6887-482f-9f71-adb1e064341e,Sweater Sausage Dog Pink,ONE SIZE,6.0,3.0,32.5,In Stock,2024-01-10 08:34:59
a68fe042-377e-4e41-bfa3-e5d88332c398,f4007730-2a11-4a2c-8ed0-f485c701c3d7,Sweater Sausage Dog Yellow,ONE SIZE,6.0,3.0,32.5,In Stock,2024-01-10 08:35:01
4efaf183-804e-4fb5-8317-2052ed6ef6ad,b7a78f89-688d-40a3-bc60-42dba4849edd,Seraphina Pegasus,ONE SIZE,9.0,20.0,68.5,In Stock,2024-01-10 08:35:02
7133dc1c-ea11-4a56-9216-8b364034d238,0ab67c3e-8050-4dd0-bd2e-36a536e78835,Sigmund Seal,ONE SIZE,7.0,13.0,50.0,In Stock,2024-01-10 08:35:04
7204219c-1ff0-4372-83ad-adc3dbe1a84c,aa754f89-5967-4242-9e01-b41c14988331,Snoozling Hedgehog,ONE SIZE,11.0,6.0,36.0,In Stock,2024-01-10 08:35:06
51f84f0f-150e-45db-93e3-4accb32e508c,a0a267ab-942b-4c48-9508-dbc93ca9864e,Spindleshanks Crab,ONE SIZE,3.0,15.0,33.0,In Stock,2024-01-10 08:35:07
688033bb-f69d-4c73-bc8f-9197ec11945e,0f283316-7951-45d4-89dd-50df54217430,Splootie Elephant,ONE SIZE,7.0,22.0,68.0,In Stock,2024-01-10 08:35:09
be2df254-d517-448b-954f-2451bd404835,6b0ec89b-98ed-4752-99d9-55a03eb9c6f6,Birdling Robin,ONE SIZE,4.0,3.0,17.0,In Stock,2024-01-10 08:35:10
a982571a-3ea4-44c7-b54a-bf6ca7433c86,254ee6cb-189b-4cdd-a826-9a1f171dbe23,Shimmer Stocking Bunny,ONE SIZE,8.0,4.0,28.5,In Stock,2024-01-10 08:35:12
c51d8133-5f09-4e61-9438-3c240c227b77,a86f233e-df80-41c8-872a-5e4272b65fd1,Ambalie Bear,ONE SIZE,9.0,6.0,30.0,In Stock,2024-01-10 08:35:13
9bde4704-69e9-4f67-b06e-30f59bf300d6,4797bb26-69d2-41b4-a7b6-14c90ef8960d,Ambalie Bunny,ONE SIZE,9.0,6.0,30.0,In Stock,2024-01-10 08:35:15
45a9dc58-8077-46c3-ba73-05857c473e5b,f27d05e6-58f1-4b28-9977-86e6d5affbf5,Bashful Zebra,MEDIUM,12.0,5.0,28.0,In Stock,2024-01-10 08:35:17
5235af8e-21de-4cf8-a4a2-69c216efc83f,565fa5dd-83bb-4363-b441-26ecd1f82f90,If I Were An Owl Book,ONE SIZE,6.0,6.0,13.5,In Stock,2024-01-10 08:35:18
5054bafc-f432-424c-9a1f-7cae30bc874e,d4f0675d-f617-4c5e-997c-5e9e65581ccc,Betty Corgi,HUGE,13.0,13.0,75.0,More on the way,2024-01-10 08:35:20
11f15195-17f4-4db3-aa14-659adc8d24b2,d4f0675d-f617-4c5e-997c-5e9e65581ccc,Betty Corgi,MEDIUM,7.0,10.0,30.0,In Stock,2024-01-10 08:35:20
3df6a866-dde7-49cb-ae15-5832142c054f,0224a6be-b210-42f2-86a3-b147f6f7a79f,Big Spottie Giraffe,ONE SIZE,19.0,6.0,75.0,In Stock,2024-01-10 08:35:22
113d63b7-dbc8-40b8-8360-187fa0ea99bd,a4e8e9b5-5bfb-4405-8319-60612001fd70,Big Spottie T-Rex,ONE SIZE,18.0,6.0,75.0,In Stock,2024-01-10 08:35:23
fae3063c-745f-4992-912b-8d4b6ccbab16,f9b0fa39-75ff-4aee-b0e6-ce4dcdeecbc2,Cruz Crested Newt,ONE SIZE,12.0,4.0,32.5,In Stock,2024-01-10 08:35:25
05ae4985-9c0c-495a-8176-d29f57ce16f3,ead82d91-ebce-4fc8-b014-bf7e7bb8996f,Cooper Doodle Dog,ONE SIZE,9.0,8.0,33.0,In Stock,2024-01-10 08:35:27
7250d004-6f94-4b86-b39d-25cd63fe7449,fc5f9ea9-32b0-4b1d-9abd-a96250c7880d,Happihoop Owl,ONE SIZE,8.0,4.0,32.0,In Stock,2024-01-10 08:35:28
60a0a2cd-8e0f-4b2b-91d9-bb4fbe618c76,9484113c-8797-4a70-b845-221ddbd5e636,Harper Pup,ONE SIZE,15.0,9.0,55.0,In Stock,2024-01-10 08:35:30
47cd1800-18cc-4758-b147-416435fd6c9b,86af9dd7-790b-42d4-85e1-6b669686e904,Hibernating Bunny,ONE SIZE,5.0,5.0,22.0,In Stock,2024-01-10 08:35:31
b71ebdf4-23bc-409d-9711-bd7085e7de22,0ec20984-cbaf-48d1-958d-2cc953b289d7,Huddles Bunny,ONE SIZE,9.0,6.0,45.0,In Stock,2024-01-10 08:35:33
ede60a2c-d4f1-4f15-956e-843d5988ea35,3ef89954-8938-4710-9670-67ab08c857c9,Huddles Duck,ONE SIZE,9.0,6.0,45.0,In Stock,2024-01-10 08:35:34
c5c31c03-b9cf-435d-abc7-658b37916172,2afe6baf-22b0-47e8-a74d-7849663373bd,Jubjub Gookie,ONE SIZE,9.0,4.0,30.0,In Stock,2024-01-10 08:35:36
1281e5df-9ca3-40a5-a014-be7413ba8f4d,32abf640-c395-433c-a16d-51b2d4861d4e,Mack Mudskipper,ONE SIZE,10.0,4.0,28.5,In Stock,2024-01-10 08:35:38
5eea7914-4ff3-4ed3-8b28-615318246dee,4d548abc-ed9a-4536-be64-ce530b7cb4bc,Obbie Octopus,ONE SIZE,11.0,10.0,40.0,In Stock,2024-01-10 08:35:40
96c228fa-9995-4f26-ba10-b44edee371f4,d57c034a-7137-4f9a-80c0-edfe5a76b7f0,Orson Horse,ONE SIZE,14.0,5.0,35.0,In Stock,2024-01-10 08:35:41
af4243b9-a852-43dc-b3e2-e71641c0e3a7,53a2108a-edd3-4cc3-aebd-d5e736e67951,Peek-a-Boo Elly Activity Toy,ONE SIZE,6.0,5.0,32.0,In Stock,2024-01-10 08:35:43
8de379f4-8e8b-41e6-9ab6-0e3f06ca338c,847427cf-eda2-4af9-bcda-63124f35f8cd,Penny Praying Mantis,ONE SIZE,9.0,8.0,32.5,In Stock,2024-01-10 08:35:45
40a4241b-e5a4-45ce-b2b2-1f0efdcefa7a,02575fc8-aaa1-4410-996f-8597e0825e68,Ribble Dog,ONE SIZE,14.0,4.0,30.0,In Stock,2024-01-10 08:35:46
79cbe47c-b377-4f0c-a99f-353d002cdad6,09bc0456-4790-4b7c-8c6c-6f1f33ec73cb,Ribble Elephant,ONE SIZE,15.0,4.0,30.0,In Stock,2024-01-10 08:35:48
8f82bd5d-c617-4399-9fe2-6f883dd6ad90,bf1a0b80-dd8a-4e5c-bd27-33a8c54223ee,Ribble Giraffe,ONE SIZE,16.0,4.0,30.0,In Stock,2024-01-10 08:35:49
39773f67-1624-48c1-81b7-4f83754e68d7,484a0004-004f-417f-83b5-89e0db29dc6c,Rose Dragon,HUGE,7.0,26.0,120.0,In Stock,2024-01-10 08:35:51
c9ef805f-c802-4bd0-bc21-d75fef1e9d6b,484a0004-004f-417f-83b5-89e0db29dc6c,Rose Dragon,MEDIUM,5.0,20.0,65.0,In Stock,2024-01-10 08:35:51
1db5e307-9efd-430b-bcaa-3e34e0d6cf0b,484a0004-004f-417f-83b5-89e0db29dc6c,Rose Dragon,LITTLE,3.0,12.0,32.5,In Stock,2024-01-10 08:35:51
96d7fa60-079b-4497-a431-ebe33a38252c,2b7616f7-7850-4f54-87d5-b1faa70792ee,Ricky Rain Frog,LARGE,10.0,12.0,60.0,In Stock,2024-01-10 08:35:54
0ddafe73-ffa6-40f2-9849-86b7d6983987,2b7616f7-7850-4f54-87d5-b1faa70792ee,Ricky Rain Frog,MEDIUM,5.0,7.0,28.0,More on the way,2024-01-10 08:35:54
8e718b17-e27c-441b-a2c3-5a43e0b67da7,df06277e-b3be-4233-8fbf-5d8758c25dd4,Rufus Bear,LARGE,15.0,5.0,45.0,In Stock,2024-01-10 08:35:56
9e590071-ce68-43d8-a150-d94db42621ff,df06277e-b3be-4233-8fbf-5d8758c25dd4,Rufus Bear,MEDIUM,11.0,4.0,27.5,In Stock,2024-01-10 08:35:56
9640001b-7515-410e-b653-3ef8e15d2e99,cdc43ce9-c634-4071-a90d-e0cb111496ea,Snuggler Puppy,ONE SIZE,9.0,5.0,25.0,In Stock,2024-01-10 08:35:58
63c59231-c3cb-44a0-b04c-e236beade47c,95f8ea97-dd16-4356-b4bc-25f7730546a3,Taylor Tiger,LARGE,6.0,18.0,80.0,More on the way,2024-01-10 08:36:00
a179fa17-6af6-4e0b-88c5-02fd55a7060d,95f8ea97-dd16-4356-b4bc-25f7730546a3,Taylor Tiger,LITTLE,3.0,11.0,35.0,In Stock,2024-01-10 08:36:00
cc4693e9-f2db-4ae7-8834-d9260a1b3b95,c6f30a01-48c5-46e1-8ae1-fb578e38d4f9,Willow Hedgehog,ONE SIZE,7.0,4.0,23.5,In Stock,2024-01-10 08:36:01
50bee868-8dae-4dfb-817a-1f9ee9085705,ab1da3af-83ff-4929-bc3b-6b6571f9f08c,Wriggidig Ant,ONE SIZE,5.0,6.0,23.5,In Stock,2024-01-10 08:36:03
062684a5-0bcd-47e8-8bf7-0b4e0ae4157b,ab05abcc-0346-4066-b038-9d57b6f2337c,Wriggidig Bug,ONE SIZE,7.0,2.0,23.5,In Stock,2024-01-10 08:36:04
f7eabde2-8511-40b3-b649-0aa2ce670b5b,4d4c9744-85aa-41f8-abc6-7ba463cb6f05,Bashful Lilac Bunny,MEDIUM,12.0,5.0,28.0,In Stock,2024-01-10 08:36:07
dc34f6ee-12bd-4f05-a36c-da68abae94d7,4d4c9744-85aa-41f8-abc6-7ba463cb6f05,Bashful Lilac Bunny,SMALL,7.0,4.0,18.0,Out of stock,2024-01-10 08:36:07
2cb256ae-bfaf-49a9-baa2-74c97a558bd1,db3fcbb4-c7eb-48c6-b16c-ec2b933794d5,Bashful Petal Bunny,MEDIUM,12.0,5.0,28.0,In Stock,2024-01-10 08:36:10
b8b35296-5cda-4665-b621-5b0163acf5dd,db3fcbb4-c7eb-48c6-b16c-ec2b933794d5,Bashful Petal Bunny,SMALL,7.0,4.0,18.0,In Stock,2024-01-10 08:36:10
d7095bc6-0bb8-4cc6-9117-a9b456562fa1,0264e4bd-8a95-455c-922f-fa061968cdf3,Bashful Fudge Bunny,MEDIUM,12.0,5.0,28.0,More on the way,2024-01-10 08:36:13
e55e581e-8122-4f70-b7a6-fbec2d7cb14a,0264e4bd-8a95-455c-922f-fa061968cdf3,Bashful Fudge Bunny,SMALL,7.0,4.0,18.0,In Stock,2024-01-10 08:36:13
1a9ffcc2-7a52-48d4-90f2-9e9554142ecc,c70bb810-e036-40c3-b32d-b370babb7285,Who Can I Find Book,ONE SIZE,7.0,7.0,15.0,In Stock,2024-01-10 08:36:15
6a3fcfab-24fb-4361-9d62-2b0e3a752e4c,7ee7c6fd-f00d-4f59-b54d-ef6280ffb61f,Blossom Sage Bunny,MEDIUM,12.0,5.0,28.0,In Stock,2024-01-10 08:36:17
6c031b1a-8311-479a-91d7-3f21576334a7,7ee7c6fd-f00d-4f59-b54d-ef6280ffb61f,Blossom Sage Bunny,SMALL,7.0,4.0,18.0,More on the way,2024-01-10 08:36:17
2daf35a4-09f9-4069-a12d-732acdbc32aa,59ae597c-80f3-4523-8ee1-39eb5f728844,Blossom Jasmine Bunny,MEDIUM,12.0,5.0,28.0,In Stock,2024-01-10 08:36:18
a09517c0-2c32-4760-8170-cd61376893c7,59ae597c-80f3-4523-8ee1-39eb5f728844,Blossom Jasmine Bunny,SMALL,7.0,4.0,18.0,Returning to stock 2-3 months,2024-01-10 08:36:18
eb30172f-dd92-4267-a33b-c9699abf2fee,64ac6f76-e7a9-4d2c-b6fc-7a4e04933d4e,Blossom Tulip Bunny,HUGE,20.0,8.0,80.0,Out of stock,2024-01-10 08:36:21
12a5908f-8ec3-47a9-9644-f7c24a333875,64ac6f76-e7a9-4d2c-b6fc-7a4e04933d4e,Blossom Tulip Bunny,LARGE,14.0,6.0,43.0,In Stock,2024-01-10 08:36:21
3d1e75f0-e58d-41cd-b6b9-19cdbdbc7c10,64ac6f76-e7a9-4d2c-b6fc-7a4e04933d4e,Blossom Tulip Bunny,MEDIUM,12.0,5.0,28.0,In Stock,2024-01-10 08:36:21
b205bf48-3f14-4be3-a8aa-975c1fdb3e75,64ac6f76-e7a9-4d2c-b6fc-7a4e04933d4e,Blossom Tulip Bunny,SMALL,7.0,4.0,18.0,In Stock,2024-01-10 08:36:21
db089f31-5d23-43fa-97ff-8e8b0eb776b4,64ac6f76-e7a9-4d2c-b6fc-7a4e04933d4e,Blossom Tulip Bunny,TINY,5.0,,10.0,Out of stock,2024-01-10 08:36:21
19f0b219-d319-4e7b-b5ba-d445280c99eb,fc6fd285-bd75-4020-b370-6aabc375d2ce,Bashful Lilac Bunny with Personalised Cream Jumper,MEDIUM,12.0,5.0,38.0,In Stock,2024-01-10 08:36:23
70237923-6176-424b-9651-365284c856fb,9fd0bea0-5ee1-4f8a-85d8-15466563f795,Bashful Petal Bunny with Personalised Cream Jumper,MEDIUM,12.0,5.0,38.0,In Stock,2024-01-10 08:36:24
5ebdeea4-c55b-4458-9b10-cf9eb1bbc9a3,da2fd5d2-b6aa-4806-8de2-17000ec56913,Blossom Sage Bunny with Personalised Cream Jumper,MEDIUM,12.0,5.0,38.0,In Stock,2024-01-10 08:36:26
7376cf06-9b6a-4adb-95be-909fa1a5974a,7679c861-9241-4d0d-a5d2-d628db18bc7d,Blossom Jasmine Bunny with Personalised Cream Jumper,MEDIUM,12.0,5.0,38.0,In Stock,2024-01-10 08:36:29
246934af-9c97-41e5-8770-61d71cc3f07f,6fdb7e08-834d-4813-8200-b654243aa7b1,Bashful Lilac Bunny with Personalised Navy Jumper,MEDIUM,12.0,5.0,38.0,In Stock,2024-01-10 08:36:31
5739b7c9-f887-40af-9fdf-1a6d66cca562,497f5dbb-bf67-43e4-8ecb-43058c2c08e7,Bashful Petal Bunny with Personalised Navy Jumper,MEDIUM,12.0,5.0,38.0,In Stock,2024-01-10 08:36:34
ce17bf46-2f5b-45ba-b434-44611195d60f,965fdde7-719c-42a3-ae0c-2b6c47c73b50,Blossom Sage Bunny with Personalised Navy Jumper,MEDIUM,12.0,5.0,38.0,In Stock,2024-01-10 08:36:35
04252e27-3f42-438e-98b5-07015bec690e,23d58ec5-604b-4cf7-8c5d-925961827fe7,Blossom Jasmine Bunny with Personalised Navy Jumper,MEDIUM,12.0,5.0,38.0,In Stock,2024-01-10 08:36:37
f4f1e3b6-b1a2-4ad2-aa20-48c4326fd214,374a725f-e410-4643-b26a-a3f73c52d833,Bashful Lilac Bunny with Personalised Red Jumper,MEDIUM,12.0,5.0,38.0,In Stock,2024-01-10 08:36:39
cbb58314-6b29-463a-8815-d8b16aa601ef,1b4c2217-6ac9-40e2-95b3-87bf4d7e1b6f,Bashful Petal Bunny with Personalised Red Jumper,MEDIUM,12.0,5.0,38.0,In Stock,2024-01-10 08:36:42
b05a5b6a-17a4-44ee-a7bc-eec3d4d94a1c,3559cbee-6132-496d-bf17-79697aea6eb1,Blossom Sage Bunny with Personalised Red Jumper,MEDIUM,12.0,5.0,38.0,In Stock,2024-01-10 08:36:44
198129f7-5a79-49b4-9149-fbf0ec0db04e,bf7dc493-5601-49b3-af25-a6432d63928d,Blossom Jasmine Bunny with Personalised Red Jumper,MEDIUM,12.0,5.0,38.0,In Stock,2024-01-10 08:36:46
41671583-f5d0-461d-a0aa-99f6d1af902d,c4f3ac55-019e-44d5-8667-986ad1423aea,Personalised Bashful Lilac Bunny Medium,MEDIUM,12.0,5.0,34.0,In Stock,2024-01-10 08:36:47
b3ebe43e-4328-4578-9c9c-bde9232feebe,c98c023e-28f2-4b89-ad8d-0df55d73d03f,Personalised Bashful Petal Bunny Medium,MEDIUM,12.0,5.0,34.0,In Stock,2024-01-10 08:36:49
4ca672a8-7b24-4760-a9df-fe99c82637a3,4d624e41-6efd-430c-b687-63925658877d,Alice Axolotl,MEDIUM,11.0,5.0,32.5,More on the way,2024-01-10 08:36:51
ca63f574-04a2-45f3-b78a-16308d3b3c8f,4d624e41-6efd-430c-b687-63925658877d,Alice Axolotl,SMALL,7.0,2.0,22.0,In Stock,2024-01-10 08:36:51
0d214dce-218f-40e3-8741-a9f268e1e1e2,8f2b16a6-2f1b-4239-bffc-e6cf45b43cea,Bashful Shimmer Bunny,MEDIUM,12.0,5.0,28.0,In Stock,2024-01-10 08:36:53
bbcfd436-c914-48be-802c-44cb21a34de8,8f2b16a6-2f1b-4239-bffc-e6cf45b43cea,Bashful Shimmer Bunny,SMALL,7.0,4.0,18.0,In Stock,2024-01-10 08:36:53
68653b21-558f-4c09-a8f5-8ec471d01f45,373f404d-27c3-4e1f-9345-a1fd064de435,If I Were A Pony Book,ONE SIZE,6.0,6.0,13.5,In Stock,2024-01-10 08:36:55
a46e90f3-a125-4886-8a08-3a0b5e564ef2,bd31d970-c02f-4b58-8205-1921ffe8f57d,Blossom Bea Beige Bunny Comforter,ONE SIZE,10.0,9.0,17.0,In Stock,2024-01-10 08:36:56
06404579-075c-4f2b-bbab-e023df945946,78ad2e08-2270-4a23-822a-b14712c6b0ef,Cozy Crew Octopus,ONE SIZE,8.0,4.0,25.0,In Stock,2024-01-10 08:36:58
81284cfb-e555-4766-9bde-d894f80ae47e,78fe4221-9692-4cbe-aa1b-62170403818c,Fossilly Stegosaurus,MEDIUM,6.0,5.0,38.0,In Stock,2024-01-10 08:37:00
cd86c65e-b824-462c-8faf-d49acc110408,78fe4221-9692-4cbe-aa1b-62170403818c,Fossilly Stegosaurus,SMALL,3.0,2.0,15.0,More on the way,2024-01-10 08:37:00
74e0928a-d855-45ab-af2c-e4bdc425ca5c,edf5d4a0-800f-4618-9cad-3634856aeed8,Fuddlewuddle Lion Soother,ONE SIZE,13.0,13.0,25.0,In Stock,2024-01-10 08:37:02
0453ebcf-eaa1-4bfc-98f4-e958102c7ff8,cbb4aa01-c1a7-4487-82a9-e9f5d81156c9,Bashful Inky Bunny with Personalised Cream Jumper,MEDIUM,12.0,5.0,38.0,In Stock,2024-01-10 08:37:04
7b13548e-d4fb-4ac4-8489-5ca1731be607,745b5d0f-9a52-4156-89cc-deeca79925f3,Bashful Shimmer Bunny with Personalised Cream Jumper,MEDIUM,12.0,5.0,38.0,In Stock,2024-01-10 08:37:06
6d475844-d63c-448b-bd78-a6dd431dad4d,7883fae0-34a0-445f-ac01-36d52d262b07,Bashful Inky Bunny with Personalised Navy Jumper,MEDIUM,12.0,5.0,38.0,In Stock,2024-01-10 08:37:08
ee09faf7-93f5-43af-849f-44790dd67aec,e83ba54a-32b1-45f4-a308-f60e49271c0a,Bashful Shimmer Bunny with Personalised Navy Jumper,MEDIUM,12.0,5.0,38.0,In Stock,2024-01-10 08:37:09
79bd9d34-b2df-425e-ac62-609156617645,0617109a-40bd-41f8-aa6b-7edb3264db50,Bashful Inky Bunny with Personalised Red Jumper,MEDIUM,12.0,5.0,38.0,In Stock,2024-01-10 08:37:11
94e372c7-2056-41d0-b0a5-7c6f3c163d3f,1b2b799d-2261-4aa5-b571-1c8f6d4090b4,Bashful Shimmer Bunny with Personalised Red Jumper,MEDIUM,12.0,5.0,38.0,In Stock,2024-01-10 08:37:13
4d53d0d0-74cb-49ec-b8b5-247984a23f14,6a2c4482-096c-4608-91a3-d4a1c7e24250,Lingley Bunny Soother,ONE SIZE,11.0,7.0,20.0,In Stock,2024-01-10 08:37:15
1a7c46ae-8e2e-4703-8adf-6a3b39e87d63,b3c56616-9619-4cb1-8741-fa3713221361,Lingley Elephant Soother,ONE SIZE,11.0,7.0,20.0,In Stock,2024-01-10 08:37:17
82dde563-684a-4c03-b5b7-359b5026f1d0,4a35e941-8002-476f-8b61-e29af23e2836,Tartan Lottie Bunny,ONE SIZE,11.0,4.0,27.5,In Stock,2024-01-10 08:37:18
183e49d8-d19b-45b7-9438-606e954aa19c,9ea85c2e-c6ac-49ee-8430-48ad6349d0ea,Onyx Dragon,HUGE,7.0,26.0,120.0,Out of stock,2024-01-10 08:37:20
0ec6a2b3-2132-41d3-ab7d-356d8c5b6b87,9ea85c2e-c6ac-49ee-8430-48ad6349d0ea,Onyx Dragon,MEDIUM,5.0,20.0,65.0,In Stock,2024-01-10 08:37:20
b49a0d16-8eb0-4087-aa90-652e2f4aab65,9ea85c2e-c6ac-49ee-8430-48ad6349d0ea,Onyx Dragon,LITTLE,3.0,12.0,32.5,More on the way,2024-01-10 08:37:20
53645f5b-4911-4a75-b5f0-976812f78fdf,abc17675-5707-4e73-ae1d-1a7d90ecda5d,Personalised Bashful Shimmer Bunny Medium,MEDIUM,12.0,5.0,34.0,In Stock,2024-01-10 08:37:22
cac8f8b0-676e-4f93-960a-6019ab38a36d,b52a62f2-4d43-4411-abab-33f2fba6e620,Personalised Fuddlewuddle Lion Soother,ONE SIZE,13.0,13.0,31.0,In Stock,2024-01-10 08:37:24
784823ad-8bd7-4946-bd4b-bc6de06aa37b,77e02592-b4bf-4f3e-bc7b-4724fc9d5089,Dara Giraffe,ONE SIZE,22.0,7.0,75.0,More on the way,2024-01-10 08:37:26
2450a495-2b51-4ed8-a764-a90e1be9c182,15f61175-29c8-4c70-9683-eb6a77335551,Personalised Snow Dragon Huge,HUGE,7.0,26.0,126.0,In Stock,2024-01-10 08:37:28
953f2886-454b-4739-9f51-a8762682f214,5685afb4-784a-4186-b087-353b4e175860,Rumpletum Lion,ONE SIZE,11.0,8.0,40.0,In Stock,2024-01-10 08:37:30
500caf3e-6ad7-4df1-a8e8-b267490674fa,3df21559-67d9-4399-811a-3d96fd8eab78,Snuggler Cat,ONE SIZE,9.0,5.0,25.0,In Stock,2024-01-10 08:37:31
72e113aa-9a83-4090-8b11-1debe5e83d1b,0cc131ba-71b9-4bfb-a46d-dcb818de14cb,Cordy Roy Baby Bunny Soother,ONE SIZE,11.0,9.0,23.0,In Stock,2024-01-10 08:37:33
00a8569e-a33e-4c27-b6d9-d6aa5c975dbf,fe097300-6fa0-4413-b328-841a19a7ea03,Cordy Roy Baby Lion Soother,ONE SIZE,11.0,9.0,23.0,In Stock,2024-01-10 08:37:34
113b6a54-9d5b-4e74-b0a0-475475b2ffbd,9105fff8-b8c7-4fd1-9f27-085af06681ed,Bashful Tiger,HUGE,20.0,8.0,80.0,In Stock,2024-01-10 08:37:37
b5e58489-20de-4042-ac13-60a0bb2bb766,9105fff8-b8c7-4fd1-9f27-085af06681ed,Bashful Tiger,MEDIUM,12.0,5.0,28.0,More on the way,2024-01-10 08:37:37
4ce5ed71-7d18-4f44-a251-8a778a3523f8,9105fff8-b8c7-4fd1-9f27-085af06681ed,Bashful Tiger,SMALL,7.0,4.0,18.0,In Stock,2024-01-10 08:37:37
ab90093c-2e39-4fb3-a64e-b2c92cea3ae1,55ba021e-6037-4689-96de-64c5a3a427b8,Bashful Cerise Bunny,MEDIUM,12.0,5.0,28.0,Out of stock,2024-01-10 08:37:39
e0619d26-2a0a-4d02-87d4-7344bf43c53f,55ba021e-6037-4689-96de-64c5a3a427b8,Bashful Cerise Bunny,SMALL,7.0,4.0,18.0,In Stock,2024-01-10 08:37:39
b96a830f-bbcd-4a73-84ab-17f9596410bb,e708c756-f90b-4e8f-9751-1b9406daeccc,Beatrice Butterfly,LARGE,8.0,13.0,33.0,In Stock,2024-01-10 08:37:41
aef1497e-f858-493d-966c-5a97f5db995d,feedae64-7a3f-4f29-85a1-b1abd6825544,Little Me Book,ONE SIZE,8.0,8.0,15.0,In Stock,2024-01-10 08:37:42
eb66adb5-92ec-440d-b48e-3e70ef536429,524e21e6-8031-4926-bb08-cbccd00afa5c,Blossom Dusky Blue Bunny,MEDIUM,12.0,5.0,28.0,In Stock,2024-01-10 08:37:44
55cd96e7-e851-42e0-afbd-1735b6578490,524e21e6-8031-4926-bb08-cbccd00afa5c,Blossom Dusky Blue Bunny,SMALL,7.0,4.0,18.0,In Stock,2024-01-10 08:37:44
a42a10bc-0c58-4fe7-b8b3-d81b4e72140a,8a06c4d4-59e4-4b3c-af81-93300d68cb34,Fossilly T-Rex,MEDIUM,11.0,6.0,38.0,In Stock,2024-01-10 08:37:46
90e7fd8d-5ab6-4d7f-82ec-afc10218a745,8a06c4d4-59e4-4b3c-af81-93300d68cb34,Fossilly T-Rex,SMALL,5.0,3.0,15.0,More on the way,2024-01-10 08:37:46
26171018-872e-4dc2-85e0-bbff7ab726fd,784ae285-8fb5-4ac6-a7de-c5e29aab1948,Bashful Dusky Blue Bunny with Personalised Cream Jumper,MEDIUM,12.0,5.0,38.0,In Stock,2024-01-10 08:37:49
2b3826a5-4859-4cec-aa81-43b9c81f2316,b0a2a4c8-c065-4958-a8c8-b78d6af8e1fe,Bashful Lion with Personalised Cream Jumper,MEDIUM,12.0,5.0,38.0,In Stock,2024-01-10 08:37:50
1a45c6ff-f807-4aab-bd9e-7cd7454659de,89a7d674-4092-4a33-a23c-00681ecef07a,Bashful Tiger with Personalised Cream Jumper,MEDIUM,12.0,5.0,38.0,In Stock,2024-01-10 08:37:52
9031df02-c6bf-42ab-930f-86e04ffeb6fb,5cbfa688-2e6d-49e7-bf59-82c0cf5bcbca,Blossom Dusky Blue with Personalised Cream Jumper,MEDIUM,12.0,5.0,38.0,In Stock,2024-01-10 08:37:54
3c57c053-4e44-43fb-bf6c-c78d15001594,67067b39-cc44-4b60-a40d-9ca747f0487f,Blossom Bea Beige Bunny with Personalised Cream Jumper,MEDIUM,12.0,5.0,38.0,In Stock,2024-01-10 08:37:56
b3cb8cfc-5c8a-4f8d-a6bd-2deff349c87b,ecf36c18-f5e4-4a72-9998-0629fc7cfb47,Bashful Dusky Blue Bunny with Personalised Navy Jumper,MEDIUM,12.0,5.0,38.0,In Stock,2024-01-10 08:37:58
053c7a7f-07cd-42ca-bf6d-a8663a58fa0a,99940899-ec5f-464b-b3c1-21997f1dfb6b,Bashful Lion with Personalised Navy Jumper,MEDIUM,12.0,5.0,38.0,In Stock,2024-01-10 08:38:00
1a5c6ada-e80f-4b19-bb0b-c260db75e140,8b1ac120-3e58-4138-8ac9-2e5b7b196161,Bashful Tiger with Personalised Navy Jumper,MEDIUM,12.0,5.0,38.0,In Stock,2024-01-10 08:38:02
dfde7eed-e5e5-4730-aba2-9a4a42894654,5422143c-e2fd-488b-b92e-7006ea983232,Blossom Dusky Blue with Personalised Navy Jumper,MEDIUM,12.0,5.0,38.0,In Stock,2024-01-10 08:38:04
9a5e7c69-55e8-4493-b622-7c92a2235790,4660348e-fff3-4914-8925-598401877613,Blossom Bea Beige Bunny with Personalised Navy Jumper,MEDIUM,12.0,5.0,38.0,In Stock,2024-01-10 08:38:05
3f6d216a-e84e-4701-9282-2600b6319581,1df4ee5a-24bf-4696-b169-1decfc1acfa5,Bashful Dusky Blue Bunny with Personalised Red Jumper,MEDIUM,12.0,5.0,38.0,In Stock,2024-01-10 08:38:08
641423c6-34d4-4d5f-87cb-69a0765aa05c,bb18efe7-6d3d-4b87-9886-29e4ac69d2e4,Bashful Lion with Personalised Red Jumper,MEDIUM,12.0,5.0,38.0,In Stock,2024-01-10 08:38:09
1fd71ff8-db8d-473d-8068-f4765e8ff216,4a557604-937b-4c03-854e-26cd626e7625,Bashful Tiger with Personalised Red Jumper,MEDIUM,12.0,5.0,38.0,In Stock,2024-01-10 08:38:11
a6b96d6a-b28c-4d52-95f8-2bf5dae951c7,67dc0edf-ba92-4984-bd20-9ecfc0f48516,Blossom Dusky Blue Bunny with Personalised Red Jumper,MEDIUM,12.0,5.0,38.0,In Stock,2024-01-10 08:38:13
a6b4e67e-7cfd-42e9-86a5-3410423ba504,45057f26-509f-4ada-8389-73bd2668ea4e,Blossom Bea Beige Bunny with Personalised Red Jumper,MEDIUM,12.0,5.0,38.0,In Stock,2024-01-10 08:38:15
4f00b2ee-b463-4f06-9f86-1777270d7b26,0a2e1185-b2bd-47b0-8c10-676425821f48,Odyssey Octopus,REALLY BIG,30.0,12.0,130.0,More on the way,2024-01-10 08:38:18
a1dbaee3-20cc-42ea-9cf8-5ebfad7bd95a,0a2e1185-b2bd-47b0-8c10-676425821f48,Odyssey Octopus,HUGE,21.0,9.0,68.5,Out of stock,2024-01-10 08:38:18
9b79e889-5034-434b-8dbe-a9ba09850007,0a2e1185-b2bd-47b0-8c10-676425821f48,Odyssey Octopus,LARGE,19.0,7.0,53.0,More on the way,2024-01-10 08:38:18
c1992522-707b-40e9-8f42-5b7ea0b3a0bb,0a2e1185-b2bd-47b0-8c10-676425821f48,Odyssey Octopus,LITTLE,9.0,4.0,30.0,In Stock,2024-01-10 08:38:18
c033d5ee-44a9-4d9c-b222-14fc47cbfa9d,0a2e1185-b2bd-47b0-8c10-676425821f48,Odyssey Octopus,TINY,6.0,3.0,18.0,In Stock,2024-01-10 08:38:18
72409908-d08c-4ea2-9ee8-21634c67aebc,946cc21d-776d-4f7c-b2a6-bcc33b94fdc2,Sage Dragon,HUGE,7.0,26.0,120.0,More on the way,2024-01-10 08:38:20
a457bb8d-9b68-4880-a3ff-9fda4e71e7f4,946cc21d-776d-4f7c-b2a6-bcc33b94fdc2,Sage Dragon,MEDIUM,5.0,20.0,65.0,Returning to stock 2-3 months,2024-01-10 08:38:20
10113fa5-59e0-42c7-b60a-cb9ff78db2d0,946cc21d-776d-4f7c-b2a6-bcc33b94fdc2,Sage Dragon,LITTLE,3.0,12.0,32.5,In Stock,2024-01-10 08:38:20
535b1f5d-4b6a-4c88-82e1-16714ad49ef2,b5fa165f-a057-473e-a876-fafcc49a52f6,Sienna Seahorse,MEDIUM,11.0,4.0,30.0,More on the way,2024-01-10 08:38:23
4f70c766-a653-481f-bf64-50287aa9c2e4,b5fa165f-a057-473e-a876-fafcc49a52f6,Sienna Seahorse,SMALL,7.0,2.0,20.0,In Stock,2024-01-10 08:38:23
1236f4fa-badd-41cc-931b-7d1ea065565e,eb4ee4c1-5369-4d18-837a-ae63b3022a64,Bashful Plum Bunny,HUGE,20.0,8.0,80.0,Out of stock,2024-01-10 08:38:26
c5575888-4f0d-4287-8e10-c900c52bec29,eb4ee4c1-5369-4d18-837a-ae63b3022a64,Bashful Plum Bunny,MEDIUM,12.0,5.0,25.0,Out of stock,2024-01-10 08:38:26
477c97da-dde8-4000-ab36-9604b69b4004,eb4ee4c1-5369-4d18-837a-ae63b3022a64,Bashful Plum Bunny,SMALL,7.0,4.0,18.0,In Stock,2024-01-10 08:38:26
665a8874-bb3e-429f-9eca-1ce66efebf23,09497d09-daa4-45b6-97d3-b2509503588a,Fossilly Brontosaurus,MEDIUM,10.0,5.0,38.0,In Stock,2024-01-10 08:38:28
37e9a929-67bd-46b5-917d-0fa70e3e1b80,09497d09-daa4-45b6-97d3-b2509503588a,Fossilly Brontosaurus,SMALL,3.0,2.0,15.0,More on the way,2024-01-10 08:38:28
fc445097-064c-47e9-adf3-d953090a8e7b,c8cf69c3-86b0-4381-be91-78d91604692a,Fossilly Triceratops,MEDIUM,7.0,4.0,38.0,In Stock,2024-01-10 08:38:30
2f5db429-8267-4feb-86ed-fc204b347cbd,c8cf69c3-86b0-4381-be91-78d91604692a,Fossilly Triceratops,SMALL,4.0,2.0,15.0,Out of stock,2024-01-10 08:38:30
da6fac32-c653-4eee-86e6-cd4ecdacfae2,6bb4bfee-2138-4fd3-b126-410a7846d723,Snow Dragon,HUGE,7.0,26.0,120.0,In Stock,2024-01-10 08:38:32
64717510-7ff3-4846-b63d-63d5e4c5d7c1,6bb4bfee-2138-4fd3-b126-410a7846d723,Snow Dragon,MEDIUM,5.0,20.0,65.0,In Stock,2024-01-10 08:38:32
6e31358f-4004-4f1a-a445-42dcb212f725,6bb4bfee-2138-4fd3-b126-410a7846d723,Snow Dragon,LITTLE,3.0,12.0,32.5,In Stock,2024-01-10 08:38:32
143c766d-57f5-4a5c-bf1e-392dc382657f,4707b5a4-c283-41d4-b0f2-a0b5f55c2b6f,Blossom Blush Bunny,LARGE,14.0,6.0,43.0,Out of stock,2024-01-10 08:38:34
6ed12419-0a59-4fa1-b9c1-a74afe7f936e,4707b5a4-c283-41d4-b0f2-a0b5f55c2b6f,Blossom Blush Bunny,MEDIUM,12.0,5.0,28.0,Out of stock,2024-01-10 08:38:34
7422ade5-65a2-4f1f-a77e-5904f3bffe8c,4707b5a4-c283-41d4-b0f2-a0b5f55c2b6f,Blossom Blush Bunny,SMALL,7.0,4.0,18.0,In Stock,2024-01-10 08:38:34
af41b63b-b699-4633-a0bf-e858dbb8ce55,0a0f3260-37eb-4942-9457-0421e02f85b7,Blossom Blush Bunny with Personalised Cream Jumper,MEDIUM,12.0,5.0,38.0,In Stock,2024-01-10 08:38:36
8cb3cd25-0c10-4b10-8c9d-1732cd65d56d,9942493b-e774-4e88-906d-f22b9dee4078,Blossom Blush Bunny with Personalised Navy Jumper,MEDIUM,12.0,5.0,38.0,In Stock,2024-01-10 08:38:38
4f478dc1-4e4f-4c2f-99e2-1de0fa6757c4,8ec195cf-7a67-4a52-9545-6f576855f2ff,Blossom Blush Bunny with Personalised Red Jumper,MEDIUM,12.0,5.0,38.0,In Stock,2024-01-10 08:38:40
90c8db36-fdfb-45e1-b5e3-8dd60f61027e,4fab65cd-067e-410c-b03d-b948152c5a2f,Little Bunny,ONE SIZE,7.0,4.0,22.0,In Stock,2024-01-10 08:38:42
b8355c63-22c6-46d4-bd1e-951956fad32a,c82a8e89-a4c6-4ab9-962a-05489b51dd5e,Personalised Odell Octopus Soother,ONE SIZE,13.0,13.0,31.0,In Stock,2024-01-10 08:38:44
9d2ad551-207a-4e17-b232-d2337028a336,754d2ed7-7c9d-4c21-947b-ccf8cfbc753a,Wiley Whale,HUGE,8.0,31.0,90.0,In Stock,2024-01-10 08:38:45
90f491b6-75d3-48f1-8006-66c635dad353,754d2ed7-7c9d-4c21-947b-ccf8cfbc753a,Wiley Whale,LARGE,7.0,20.0,53.0,In Stock,2024-01-10 08:38:45
216b6e77-653a-426f-8dff-9efc8994a789,394b3e59-10d8-48a9-a9c3-fe98de3bd51a,Bailey Sloth,MEDIUM,16.0,3.0,35.0,In Stock,2024-01-10 08:38:47
407dfb99-d8b7-4ab3-a303-0cdfa5fa9d2a,394b3e59-10d8-48a9-a9c3-fe98de3bd51a,Bailey Sloth,SMALL,13.0,2.0,28.0,Out of stock,2024-01-10 08:38:47
f2ba62c7-4220-42f1-a672-d6a0cb9aa4ca,397a281e-df64-4bcb-9111-e0b4b6b08d6b,Storm Octopus,LARGE,19.0,7.0,53.0,In Stock,2024-01-10 08:38:49
a7599800-7a40-4943-abda-7140788ec39f,397a281e-df64-4bcb-9111-e0b4b6b08d6b,Storm Octopus,LITTLE,9.0,4.0,30.0,Returning to stock 3-4 weeks,2024-01-10 08:38:49
cd10a075-0379-481f-a94e-e4da62edfc66,397a281e-df64-4bcb-9111-e0b4b6b08d6b,Storm Octopus,TINY,6.0,3.0,18.0,More on the way,2024-01-10 08:38:49
f4f36ffe-4c49-4cba-bbcb-8ee22075fc57,40d85f61-78f6-47dc-ba2a-84a3a40b9bce,Bashful Dragon,VERY BIG,43.0,18.0,275.0,In Stock,2024-01-10 08:38:52
5ac6babb-34e1-477a-b133-8ea055d2fdcd,40d85f61-78f6-47dc-ba2a-84a3a40b9bce,Bashful Dragon,REALLY BIG,26.0,12.0,125.0,More on the way,2024-01-10 08:38:52
17b56b8d-9d1a-4c4f-b45e-85f8e71b61c1,40d85f61-78f6-47dc-ba2a-84a3a40b9bce,Bashful Dragon,HUGE,20.0,8.0,69.5,Out of stock,2024-01-10 08:38:52
8d0bc6ca-385d-4ef3-bcc2-9dfeab7cd13a,40d85f61-78f6-47dc-ba2a-84a3a40b9bce,Bashful Dragon,MEDIUM,12.0,5.0,28.0,More on the way,2024-01-10 08:38:52
009801b5-cfc3-4dae-883b-810f14702e17,40d85f61-78f6-47dc-ba2a-84a3a40b9bce,Bashful Dragon,SMALL,7.0,4.0,18.0,In Stock,2024-01-10 08:38:52
9e5cd517-728c-4628-974f-277752cc6394,273516a2-a5ac-457a-af10-45c91bd294ff,Bashful Dino,VERY BIG,43.0,18.0,275.0,In Stock,2024-01-10 08:38:54
88f3eac4-0abc-44ba-97db-5dc564523734,273516a2-a5ac-457a-af10-45c91bd294ff,Bashful Dino,REALLY BIG,26.0,12.0,125.0,In Stock,2024-01-10 08:38:54
c3dfab92-19fb-4180-83db-86ed76304ab4,273516a2-a5ac-457a-af10-45c91bd294ff,Bashful Dino,HUGE,20.0,8.0,80.0,In Stock,2024-01-10 08:38:54
3510716a-077a-464b-a262-c8deaad8dff6,273516a2-a5ac-457a-af10-45c91bd294ff,Bashful Dino,MEDIUM,12.0,5.0,28.0,In Stock,2024-01-10 08:38:54
498fea3a-a2f3-45a7-982d-e7d3522964df,273516a2-a5ac-457a-af10-45c91bd294ff,Bashful Dino,SMALL,7.0,4.0,18.0,More on the way,2024-01-10 08:38:54
315db5a0-b8eb-4930-80a8-917931266cdf,21e357ff-075e-4469-ad62-d3ec6f79f751,Bashful Turtle,MEDIUM,12.0,5.0,28.0,Returning to stock 2-3 months,2024-01-10 08:38:56
93f2608e-7e5b-48a5-8d01-9fdb753de943,21e357ff-075e-4469-ad62-d3ec6f79f751,Bashful Turtle,SMALL,7.0,4.0,18.0,In Stock,2024-01-10 08:38:56
4aa215a9-0fe9-4fbb-9fd2-c47c6d0e6c99,f6b8787e-8de2-44b3-96c1-d072fe40eb17,Elly Ballerina Book,ONE SIZE,12.0,,15.0,In Stock,2024-01-10 08:38:57
5641d0b4-34db-4ddf-a251-1827d7cac6db,ac66731d-2f9e-445a-ad63-bfaea51b568b,Livi Leopard,LARGE,5.0,18.0,80.0,In Stock,2024-01-10 08:38:59
f5ae2b54-5757-4b1e-874a-888c4f5e2e2a,ac66731d-2f9e-445a-ad63-bfaea51b568b,Livi Leopard,LITTLE,3.0,11.0,35.0,Out of stock,2024-01-10 08:38:59
2c844483-021e-4ed7-9055-0e93483154cd,cb41b814-ae8d-496a-b3fe-054f6fa0d0d0,Bashful Navy Bunny,MEDIUM,12.0,5.0,28.0,In Stock,2024-01-10 08:39:02
4433b35a-1e0b-4490-a523-2d75fae73f03,cb41b814-ae8d-496a-b3fe-054f6fa0d0d0,Bashful Navy Bunny,SMALL,7.0,4.0,18.0,In Stock,2024-01-10 08:39:02
7c14d233-6430-4cca-938b-26464d50c585,24ad2238-a849-4974-a031-4c65905e7405,Bashful Navy Bunny with Personalised Cream Jumper,MEDIUM,12.0,5.0,38.0,In Stock,2024-01-10 08:39:03
0e0de29e-5214-46f6-a461-5a0f28de9e1e,5b7a3992-9305-4c49-b43a-45b6fedb5982,Bashful Navy Bunny with Personalised Red Jumper,MEDIUM,12.0,5.0,38.0,In Stock,2024-01-10 08:39:05
444c962c-1af0-4f30-9662-d6c40ad82eb5,ceaa65d2-0f85-4dd4-aa3d-0422a9662ccb,Personalised Bashful Navy Bunny Medium,MEDIUM,12.0,5.0,34.0,In Stock,2024-01-10 08:39:07
024938bc-3f77-49c0-83b0-ac958201fb8a,55233762-9a8c-4a99-89c1-9c7d781d51d6,Bashful Blush Bunny,HUGE,20.0,8.0,80.0,Out of stock,2024-01-10 08:39:10
b6e3c351-1e66-45f5-a432-47985cd870b2,55233762-9a8c-4a99-89c1-9c7d781d51d6,Bashful Blush Bunny,MEDIUM,12.0,5.0,28.0,In Stock,2024-01-10 08:39:10
c9473c30-33b1-42c0-93e5-3fa383803fd8,55233762-9a8c-4a99-89c1-9c7d781d51d6,Bashful Blush Bunny,SMALL,7.0,4.0,18.0,In Stock,2024-01-10 08:39:10
b21f16dc-51c2-4d16-ad04-273b0eea3161,fbb58643-df5e-480d-adc0-c76600a3c9d3,Bashful Giraffe,MEDIUM,12.0,5.0,28.0,In Stock,2024-01-10 08:39:12
e12396d6-c102-40b6-a763-36ebc7f866bf,fbb58643-df5e-480d-adc0-c76600a3c9d3,Bashful Giraffe,SMALL,7.0,4.0,18.0,Returning to stock 2-3 months,2024-01-10 08:39:12
db371d4f-3ac1-4c52-a943-cc7f35c18ede,303ad7af-5db8-4bac-9f4a-5c7b78461a00,My Friend Bunny Book,ONE SIZE,9.0,9.0,15.0,In Stock,2024-01-10 08:39:14
7942b09c-3d38-47cb-8bb3-90694d9f210a,3eb82f38-8afe-47d8-9ad4-316dff0083c6,Bashful Blue Bunny Blanket,ONE SIZE,40.0,30.0,45.0,In Stock,2024-01-10 08:39:15
a690378a-8f52-439e-bc86-95b17744c781,aaddfca1-e4e6-4b7d-9d92-107641831f77,Bashful Pink Bunny Blanket,ONE SIZE,40.0,30.0,45.0,In Stock,2024-01-10 08:39:17
6f247a20-10fb-4820-bac0-aca239a63bb5,dcb1c215-5f8e-46e9-961e-1aa03667cae9,Harry Panda Cub,HUGE,20.0,10.0,120.0,Out of stock,2024-01-10 08:39:19
d473114c-c9ab-4f78-893d-c4b11cb4aa02,dcb1c215-5f8e-46e9-961e-1aa03667cae9,Harry Panda Cub,LARGE,15.0,8.0,65.0,More on the way,2024-01-10 08:39:19
0e8fe39f-23ab-4aec-a955-9437585ff6a1,dcb1c215-5f8e-46e9-961e-1aa03667cae9,Harry Panda Cub,MEDIUM,11.0,6.0,35.0,In Stock,2024-01-10 08:39:19
b4c53040-a98c-4070-9a60-02b8d1d0a122,dcb1c215-5f8e-46e9-961e-1aa03667cae9,Harry Panda Cub,TINY,5.0,3.0,13.0,Out of stock,2024-01-10 08:39:19
eb3bd491-f3f6-48e8-85e2-df198e0f4306,218d1cb8-758b-4905-ac64-ecc8956bc2e5,Bashful Giraffe with Personalised Cream Jumper,MEDIUM,12.0,5.0,38.0,In Stock,2024-01-10 08:39:21
5bb1f058-99a1-4fae-85ed-0d526c00b95a,2efea858-9fb5-4289-b91a-3197836ccb8d,Bashful Giraffe with Personalised Navy Jumper,MEDIUM,12.0,5.0,38.0,In Stock,2024-01-10 08:39:23
f5f2e2d8-d3a1-4ef1-9da9-03e4b194ca9c,6ba1ec85-ec6d-40f5-9e01-d893e5fc906e,Bashful Giraffe with Personalised Red Jumper,MEDIUM,12.0,5.0,38.0,In Stock,2024-01-10 08:39:24
7ed17785-bcf5-43ab-97dd-398494016a04,3ff0030c-03c7-4e57-b1be-73ac940895df,Bashful Lamb with Personalied Red Jumper,MEDIUM,12.0,5.0,38.0,In Stock,2024-01-10 08:39:27
84f94245-b64b-47c3-8652-4558873e37b0,c811ef98-44c0-47e7-a793-90aaf6d23c73,Larry Lobster,MEDIUM,11.0,4.0,33.0,In Stock,2024-01-10 08:39:29
51aec7d6-407c-4e24-b9f1-1b7ed2e0ca28,c811ef98-44c0-47e7-a793-90aaf6d23c73,Larry Lobster,SMALL,8.0,3.0,25.0,Returning to stock 2-3 months,2024-01-10 08:39:29
8fc2f743-e247-4ef3-a309-4fd6bd4eb95b,65049400-b39a-4fc9-914d-2d315bbe3abf,Bashful Truffle Bunny,MEDIUM,12.0,5.0,28.0,In Stock,2024-01-10 08:39:30
68812327-a4d4-4e5c-a4b5-01c100fa1c8e,65049400-b39a-4fc9-914d-2d315bbe3abf,Bashful Truffle Bunny,SMALL,7.0,4.0,18.0,Out of stock,2024-01-10 08:39:30
b39e09a1-7702-44e1-a8c4-43724636463f,a25a185f-ec38-4f4c-b374-b65030dce29e,Colin Chameleon,ONE SIZE,11.0,4.0,29.0,In Stock,2024-01-10 08:39:32
db67da3c-baac-414a-9c3f-6db520125004,fa6f9a21-a8f2-4261-9855-ea38a0270cd4,Bashful Truffle Bunny with Personalised Cream Jumper,MEDIUM,12.0,5.0,38.0,In Stock,2024-01-10 08:39:34
b6c160a3-534a-4dcb-8f17-ac732535f539,636ef679-861a-47e3-8d6f-f88d46ea4cb1,Bashful Truffle Bunny with Personalised Navy Jumper,MEDIUM,12.0,5.0,38.0,In Stock,2024-01-10 08:39:36
e9ca111b-128d-4192-b901-7ac4aa538c7c,4ce59c08-04ec-400e-afb7-10b4644075f6,Bashful Truffle Bunny with Personalised Red Jumper,MEDIUM,12.0,5.0,38.0,In Stock,2024-01-10 08:39:39
22d15cf2-ce53-4f39-af0f-cdf5f363fbdc,1254b098-21ec-4b1d-bea9-97708a1b96f3,Bashful Fox Cub,HUGE,20.0,8.0,80.0,In Stock,2024-01-10 08:39:41
04bea21b-9798-4dcd-9feb-564f4f01e887,1254b098-21ec-4b1d-bea9-97708a1b96f3,Bashful Fox Cub,MEDIUM,12.0,5.0,28.0,More on the way,2024-01-10 08:39:41
f75075e4-635d-41f2-8f2f-e21d74a6ae82,1254b098-21ec-4b1d-bea9-97708a1b96f3,Bashful Fox Cub,SMALL,7.0,4.0,16.5,Out of stock,2024-01-10 08:39:41
a901a4f8-0c1e-4450-b14b-6b7b2251f608,0aff2384-b255-4121-a04f-04fb28116397,Bashful Toffee Puppy,VERY BIG,43.0,18.0,275.0,In Stock,2024-01-10 08:39:43
a34bfaf9-5432-4e29-9a5a-7f25b8cf1720,0aff2384-b255-4121-a04f-04fb28116397,Bashful Toffee Puppy,REALLY BIG,26.0,12.0,125.0,In Stock,2024-01-10 08:39:43
9ca3a939-9225-4ef5-86aa-d8ef66339947,0aff2384-b255-4121-a04f-04fb28116397,Bashful Toffee Puppy,MEDIUM,12.0,5.0,28.0,Returning to stock 2-3 months,2024-01-10 08:39:43
805f2a55-298b-4492-8e08-a515f6e59c4f,0aff2384-b255-4121-a04f-04fb28116397,Bashful Toffee Puppy,SMALL,7.0,4.0,18.0,Returning to stock 2-3 months,2024-01-10 08:39:43
5ded3995-d021-4d69-9bf2-addb26bbf0e0,fdb24dec-3225-4255-a78f-1bcc7b0fe317,If I Were A Bunny Book,ONE SIZE,6.0,6.0,13.5,In Stock,2024-01-10 08:39:44
b9254144-d930-429c-9c80-ef4ff794af66,d71d1410-3ecb-4785-b360-7ca1e02c5000,The Very Brave Lion Book,ONE SIZE,9.0,9.0,15.0,In Stock,2024-01-10 08:39:46
f9625e37-5420-489e-9b76-b3b261c6739c,fd0e277f-df18-42f9-9579-dfd1558c7646,If I Were A Bunny Book and Bashful Bunny,SMALL,,,31.5,In Stock,2024-01-10 08:39:48
4c75aae3-ecb3-47dd-8984-1277beb4950b,70d419cd-7f47-4cce-99ac-e1cdc47a6c54,The Very Brave Lion Book and Fuddlewuddle Lion,MEDIUM,,,45.0,In Stock,2024-01-10 08:39:49
d6c862cc-0f06-4e3c-b74f-102dbd1308d1,0ddc14f2-5187-4aab-97de-7c466daaae76,Bashful Twinkle Bunny,MEDIUM,12.0,5.0,28.0,More on the way,2024-01-10 08:39:51
8fe992a6-9c99-410d-bab4-a98ec5144f2b,0ddc14f2-5187-4aab-97de-7c466daaae76,Bashful Twinkle Bunny,SMALL,7.0,4.0,18.0,In Stock,2024-01-10 08:39:51
021b5688-5fca-403c-a065-c66dab82a638,1cb6b764-577e-4d29-b803-1b0ccee3d4cf,Blossom Tulip Bunny with Personalised Cream Jumper,MEDIUM,12.0,5.0,38.0,In Stock,2024-01-10 08:39:53
113571f5-a95d-4f4a-a0c7-2a4df113acb1,ea58a8f5-7ebe-49a5-b0e1-61af30cd5dda,Blossom Tulip Bunny with Personalised Navy Jumper,MEDIUM,12.0,5.0,38.0,In Stock,2024-01-10 08:39:55
8e793acf-3ac3-49c4-b423-962dbaa46d27,7144d158-d5d0-40a7-885e-14356ae57304,Blossom Tulip Bunny with Personalised Red Jumper,MEDIUM,12.0,5.0,38.0,In Stock,2024-01-10 08:39:58
7cec5087-9c49-4a17-a196-4b1ac0ef0846,2465e516-717e-4812-a6f2-bc63aabc7710,Personalised Bashful Silver Bunny Huge,HUGE,20.0,8.0,86.0,In Stock,2024-01-10 08:39:59
194c2f80-e05e-4078-8335-9c1d97f56c60,09d9f2ea-6e46-459e-a07f-608babc36267,If I Were An Elephant Book,ONE SIZE,6.0,6.0,13.5,In Stock,2024-01-10 08:40:01
8df42c34-88f4-415e-b50e-3996031f9e82,07db6908-c3b5-4f58-ba92-9b247bf8a82e,The Magic Bunny Book,ONE SIZE,7.0,7.0,15.0,In Stock,2024-01-10 08:40:03
bfa43f06-7534-40cd-81f7-ddcd46f0be2d,83269f9b-00ff-4546-a1c0-31c2288757ed,When I am Big Book,ONE SIZE,8.0,8.0,15.0,In Stock,2024-01-10 08:40:04
0ac8919e-554b-4e45-be5d-b271514deb7e,b8f2341a-4f1b-4976-a2f2-b1ed07e5dde9,Bumbly Bear,HUGE,23.0,9.0,99.0,Out of stock,2024-01-10 08:40:06
65b28116-4e52-4074-b813-997b52c8dc13,b8f2341a-4f1b-4976-a2f2-b1ed07e5dde9,Bumbly Bear,LARGE,20.0,7.0,60.0,In Stock,2024-01-10 08:40:06
1420ee28-d462-4e67-ac3a-c2285fb05fd6,b8f2341a-4f1b-4976-a2f2-b1ed07e5dde9,Bumbly Bear,MEDIUM,15.0,6.0,43.0,In Stock,2024-01-10 08:40:06
6fa8b21d-d847-4899-8944-ffc30e87b41b,b8f2341a-4f1b-4976-a2f2-b1ed07e5dde9,Bumbly Bear,SMALL,11.0,4.0,28.0,More on the way,2024-01-10 08:40:06
7d6579de-3b02-4096-aa62-c554ed44bf53,aeb94af9-1614-4d2c-85ab-494aab8ed0d1,The Magic Bunny Book and Bashful Cottontail Bunny,MEDIUM,,,43.0,In Stock,2024-01-10 08:40:08
1474da4a-0f0d-4e17-aaf0-1c5556b3ab10,7752bcc4-289a-4ebc-80bb-5587f71dd103,Bashful Unicorn,MEDIUM,12.0,5.0,28.0,In Stock,2024-01-10 08:40:10
58c5499d-5d34-45a7-8aca-242615c1019a,7752bcc4-289a-4ebc-80bb-5587f71dd103,Bashful Unicorn,SMALL,7.0,4.0,18.0,In Stock,2024-01-10 08:40:10
b7049f04-6eb1-4b63-8ba6-d4a0622a6043,1ee0fc70-6b38-480c-9447-be20c865a1da,Fuddlewuddle Monkey,MEDIUM,9.0,5.0,30.0,In Stock,2024-01-10 08:40:12
29de830e-1ab6-489c-9139-75bf88471379,a1a4cf4a-5f6b-4235-8f8c-fa9c4532a034,Bashful Beige Bunny Grabber,ONE SIZE,7.0,3.0,15.0,In Stock,2024-01-10 08:40:13
96be8228-caf6-450a-abf9-5b84bb043690,68c8b0c1-a60a-4154-b8e6-efd2539fc5d8,If I Were A Rabbit Book,ONE SIZE,6.0,6.0,13.5,In Stock,2024-01-10 08:40:15
eeee2a4a-d5f5-4e28-81bd-71643c36723c,7128af27-7413-45ae-8930-a318ac2f70f4,If I Were A Rabbit Book and Bashful Tulip Bunny,SMALL,,,31.5,In Stock,2024-01-10 08:40:16
3c61e43b-0e4f-4cb2-83c9-7be00c5c4f57,62a43d4f-2933-4119-8f43-40f477197e8c,Fuddlewuddle Lion,HUGE,17.0,9.0,69.0,Out of stock,2024-01-10 08:40:18
475b22ad-b296-4403-a0c3-de36427c9c39,62a43d4f-2933-4119-8f43-40f477197e8c,Fuddlewuddle Lion,LARGE,12.0,6.0,50.0,More on the way,2024-01-10 08:40:18
df6dea15-54b0-48fd-9158-a5926f1aa60b,62a43d4f-2933-4119-8f43-40f477197e8c,Fuddlewuddle Lion,MEDIUM,9.0,5.0,30.0,In Stock,2024-01-10 08:40:18
7c46d837-2667-42b1-848c-9446a4d29dd1,94558ac6-a0f4-4b33-8c9b-ad42ae9637cd,Bartholomew Bear,REALLY BIG,22.0,13.0,140.0,In Stock,2024-01-10 08:40:21
7c38436d-7711-4cfa-80a8-76d25837a224,94558ac6-a0f4-4b33-8c9b-ad42ae9637cd,Bartholomew Bear,HUGE,19.0,7.0,55.0,In Stock,2024-01-10 08:40:21
b83b8906-91d9-41ec-9126-dc1c791a664f,94558ac6-a0f4-4b33-8c9b-ad42ae9637cd,Bartholomew Bear,LARGE,14.0,7.0,40.0,In Stock,2024-01-10 08:40:21
0116b87d-f0a4-40b4-a552-ca1ac425f2fc,94558ac6-a0f4-4b33-8c9b-ad42ae9637cd,Bartholomew Bear,MEDIUM,11.0,5.0,28.0,More on the way,2024-01-10 08:40:21
bf9b2b64-e04c-4cb5-913c-7d013dfc1d2b,94558ac6-a0f4-4b33-8c9b-ad42ae9637cd,Bartholomew Bear,TINY,6.0,3.0,18.5,In Stock,2024-01-10 08:40:21
d4f98fe7-b881-4a18-9ee6-7f9185ef2fc3,1fc93cc4-09de-4a53-b267-00aa976f6219,Bashful Silver Bunny,VERY BIG,43.0,18.0,275.0,In Stock,2024-01-10 08:40:23
ee9b31eb-ec4c-4df7-93d2-9c2f81205e3e,1fc93cc4-09de-4a53-b267-00aa976f6219,Bashful Silver Bunny,REALLY BIG,26.0,11.0,125.0,In Stock,2024-01-10 08:40:23
ea125e12-9209-435b-87ac-15dd805a56f8,1fc93cc4-09de-4a53-b267-00aa976f6219,Bashful Silver Bunny,HUGE,20.0,8.0,80.0,In Stock,2024-01-10 08:40:23
c50a42ce-0b62-47fc-890b-63b45513bcca,1fc93cc4-09de-4a53-b267-00aa976f6219,Bashful Silver Bunny,LARGE,14.0,6.0,43.0,Out of stock,2024-01-10 08:40:23
7f8a2da5-862d-4a3e-854c-b11c4eaa618c,1fc93cc4-09de-4a53-b267-00aa976f6219,Bashful Silver Bunny,MEDIUM,12.0,5.0,28.0,In Stock,2024-01-10 08:40:23
635fab54-ff21-4eac-8a1f-24755c3bb4b9,1fc93cc4-09de-4a53-b267-00aa976f6219,Bashful Silver Bunny,SMALL,7.0,4.0,18.0,In Stock,2024-01-10 08:40:23
c227c428-337b-4004-a023-b5363a852f15,97c322b9-97e8-40e7-a988-ef74137fed0c,Bashful Silver Bunny with Personalised Cream Jumper,MEDIUM,12.0,5.0,38.0,In Stock,2024-01-10 08:40:25
f3ffb574-dd8e-49c0-9fb0-220cf3439101,2cceb3c6-5d3e-4337-a26e-2e0c6436f3cf,Bashful Silver Bunny with Personalised Navy Jumper,MEDIUM,12.0,5.0,38.0,In Stock,2024-01-10 08:40:28
732b6635-a003-4c6b-a089-1f255c9f8996,cc534544-e808-4b1b-8cae-db95b2cffed3,Bashful Silver Bunny with Personalised Red Jumper,MEDIUM,12.0,5.0,38.0,In Stock,2024-01-10 08:40:29
71b1ded5-5f85-4caa-85c9-e6020daaeb2b,66a572cd-f870-44d3-8225-2787e19432ed,Personalised Bashful Silver Bunny Medium,MEDIUM,12.0,5.0,34.0,In Stock,2024-01-10 08:40:32
92b52c5a-9c33-4a3b-a84c-0905b637bf15,4e3c368a-986c-4a4b-a7ce-5ac1de24ac1f,Bashful Cottontail Bunny,VERY BIG,43.0,18.0,275.0,In Stock,2024-01-10 08:40:34
d8a53ca4-ec3a-4738-aebb-8131e58b9d83,4e3c368a-986c-4a4b-a7ce-5ac1de24ac1f,Bashful Cottontail Bunny,REALLY BIG,26.0,12.0,125.0,In Stock,2024-01-10 08:40:34
330e254d-2532-443e-bb57-0eb35c156d35,4e3c368a-986c-4a4b-a7ce-5ac1de24ac1f,Bashful Cottontail Bunny,MEDIUM,12.0,5.0,28.0,In Stock,2024-01-10 08:40:34
69413f03-2f28-4995-8548-d479f4aec860,4e3c368a-986c-4a4b-a7ce-5ac1de24ac1f,Bashful Cottontail Bunny,SMALL,7.0,4.0,17.5,Out of stock,2024-01-10 08:40:34
bbffc528-c9d3-4f13-8e8e-ee296654a5ac,f8f77978-d499-49e3-a35f-cc5603208cba,Blossom Cream Bunny,LARGE,14.0,6.0,43.0,Out of stock,2024-01-10 08:40:36
395b9cca-e99c-40d2-845a-a7c26d64ad1a,f8f77978-d499-49e3-a35f-cc5603208cba,Blossom Cream Bunny,MEDIUM,12.0,5.0,28.0,Returning to stock 3-4 weeks,2024-01-10 08:40:36
abb88802-7282-4cdd-9baa-ec642de8dde0,f8f77978-d499-49e3-a35f-cc5603208cba,Blossom Cream Bunny,SMALL,7.0,4.0,18.0,In Stock,2024-01-10 08:40:36
73f17f34-c473-41c3-a95b-93def252f5ed,a30044b9-a9c0-4b9d-a02b-5cd71ac60deb,Bashful Cottontail Bunny with Personalised Cream Jumper,MEDIUM,12.0,5.0,38.0,In Stock,2024-01-10 08:40:38
6f5a0d3c-2686-410f-acf4-61c8362adc53,b5d04714-cd57-4479-9e7a-781a9313c4e2,Bashful Cottontail Bunny with Personalised Navy Jumper,MEDIUM,12.0,5.0,38.0,In Stock,2024-01-10 08:40:39
fedb7366-00b6-40b6-b0eb-8b9e48b3e2f2,dbf75b7a-f72e-4248-80bc-7bcebb516357,Bashful Cottontail Bunny with Personalised Red Jumper,MEDIUM,12.0,5.0,38.0,In Stock,2024-01-10 08:40:42
7ace4784-86f4-415b-ba64-592d44502cec,4c6b769d-63fe-4520-9f11-ea9358ca5530,Personalised Bashful Cottontail Bunny Medium,MEDIUM,12.0,5.0,34.0,In Stock,2024-01-10 08:40:44
2a462390-dc5f-4463-9933-b35b573c63bc,afc05e61-18bc-4b7d-aa7c-e89e0ea0a3b6,Bashful Monkey Soother,ONE SIZE,13.0,13.0,25.0,In Stock,2024-01-10 08:40:45
6c25c7ef-febb-4ae8-9b15-1fddcf1c72af,b71b6c2d-9a38-494f-aca8-124087d6e8ae,Bashful Black & Cream Puppy,VERY BIG,43.0,18.0,275.0,In Stock,2024-01-10 08:40:47
917dbd90-a11c-462b-a830-ac15b321b0d5,b71b6c2d-9a38-494f-aca8-124087d6e8ae,Bashful Black & Cream Puppy,MEDIUM,12.0,5.0,28.0,In Stock,2024-01-10 08:40:47
f909b6cf-6497-48ca-a6ca-39e170fcf79c,b71b6c2d-9a38-494f-aca8-124087d6e8ae,Bashful Black & Cream Puppy,SMALL,7.0,4.0,18.0,In Stock,2024-01-10 08:40:47
90083120-29a3-482f-b45b-81b88f8d31b3,8d3189d5-d1e4-4e23-87d4-e250a680bd18,Bashful Blue Bunny,HUGE,20.0,8.0,67.5,Out of stock,2024-01-10 08:40:50
81921b41-8d5a-46b6-8198-e504df6a8472,8d3189d5-d1e4-4e23-87d4-e250a680bd18,Bashful Blue Bunny,MEDIUM,12.0,5.0,28.0,In Stock,2024-01-10 08:40:50
f8c237fc-eac9-4369-9ef1-7a0f1321e416,8d3189d5-d1e4-4e23-87d4-e250a680bd18,Bashful Blue Bunny,TINY,5.0,2.0,10.0,Out of stock,2024-01-10 08:40:50
2787740d-ea3a-4d42-a00e-6f6fede30a4e,a1b8a898-d0db-4fbb-a310-d65db2c3be37,Bashful Pink Bunny,HUGE,20.0,8.0,67.5,Out of stock,2024-01-10 08:41:27
2cfd29c3-195c-4eeb-a6d4-03d6812ad0e1,a1b8a898-d0db-4fbb-a310-d65db2c3be37,Bashful Pink Bunny,LARGE,14.0,6.0,43.0,Out of stock,2024-01-10 08:41:27
c813992d-a38d-4221-ba93-a42d0e3f19b2,a1b8a898-d0db-4fbb-a310-d65db2c3be37,Bashful Pink Bunny,MEDIUM,12.0,5.0,28.0,In Stock,2024-01-10 08:41:27
ad970ca5-9ddb-4b4a-863b-e96ff14b72d4,a1b8a898-d0db-4fbb-a310-d65db2c3be37,Bashful Pink Bunny,TINY,5.0,2.0,10.0,Out of stock,2024-01-10 08:41:27
3d94888e-62fd-48ad-90e8-b0df92360f6c,6f278e32-adf5-4944-8602-4ee039e48b00,Fuddlewuddle Puppy,MEDIUM,9.0,5.0,30.0,In Stock,2024-01-10 08:41:29
a3d2ec1c-32d7-4c92-98d8-cce7d4133f26,8fd5fb90-7790-41bf-b912-ffb78901ba1f,Bashful Black & Cream Puppy with Personalised Cream Jumper,MEDIUM,12.0,5.0,38.0,In Stock,2024-01-10 08:41:31
b10f1e7d-73c9-488a-80d5-03f97d0bba9b,856e6a18-3f25-4d6d-aa0c-b51a04d28d8c,Bashful Blue Bunny with Personalised Cream Jumper,MEDIUM,12.0,5.0,38.0,In Stock,2024-01-10 08:41:32
6a245d9d-7d0f-4d66-a130-52a1cd677a7f,e7f0b568-ba9e-4102-8f70-b0ee618e2a01,Bashful Pink Bunny with Personalised Cream Jumper,MEDIUM,12.0,5.0,38.0,In Stock,2024-01-10 08:41:34
461f1069-7cf2-43e4-a897-3275b019a6f4,f9fedacf-2d20-4035-8269-b6f96d3a6d01,Bashful Black & Cream Puppy with Personalised Navy Jumper,MEDIUM,12.0,5.0,38.0,In Stock,2024-01-10 08:41:36
734822d3-bdd9-47da-8de2-8387942ba96b,e7b52f98-b1c3-4cde-8430-2399535cb4cf,Bashful Blue Bunny with Personalised Navy Jumper,MEDIUM,12.0,5.0,38.0,In Stock,2024-01-10 08:41:38
3c5da78c-12ae-4b43-a518-4d5f71875ded,f8fc30ea-fbea-45f5-9b0e-3998b8c7b63f,Bashful Pink Bunny with Personalised Navy Jumper,MEDIUM,12.0,5.0,38.0,In Stock,2024-01-10 08:41:40
369693d2-4343-40d9-b8fe-78d60a2cefd6,94e8641f-5185-4162-9a65-d28ac210bacf,Bashful Black & Cream Puppy with Personalised Red Jumper,MEDIUM,12.0,5.0,38.0,In Stock,2024-01-10 08:41:41
a147cd9c-0fce-4bcc-9efd-6eaca4af5307,f3135194-3581-43ca-9317-22d53c267655,Bashful Blue Bunny with Personalised Red Jumper,MEDIUM,12.0,5.0,38.0,In Stock,2024-01-10 08:41:43
21569883-a81e-4635-8e2c-3043fc803142,e72075a3-a170-4f12-b2b4-82bdc6d1c6c0,Bashful Pink Bunny with Personalised Red Jumper,MEDIUM,12.0,5.0,38.0,In Stock,2024-01-10 08:41:45
be5bb4ec-f8d6-4fc9-9868-e25e52f1c0cd,fcaedadd-c1fd-46a4-8dd7-2a5125ed6f43,Personalised Bashful Blue Bunny Medium,MEDIUM,12.0,5.0,34.0,In Stock,2024-01-10 08:41:47
8aacc20b-45fd-4300-bb97-279e9733ab83,5aa318da-843d-4aee-89ab-6dba4cd7c46f,Bashful Pink Bunny Rattle,SMALL,7.0,4.0,15.0,In Stock,2024-01-10 08:41:49
24531f9a-7a98-40e0-946b-07c2eadb4f95,ef8a4308-fe5a-431e-8474-eb95ba8b4230,Bashful Pink Bunny Soother,ONE SIZE,13.0,13.0,25.0,In Stock,2024-01-10 08:41:50
10b9cd19-b6aa-49eb-ac5f-5eb6163a3f2d,d968cbdb-dec2-48a3-b0c4-32418cdccab4,Personalised Bashful Cream Bunny Huge,HUGE,20.0,8.0,86.0,In Stock,2024-01-10 08:41:52
00007d0e-c325-4d0f-9169-a730e6765978,3e6b74ca-e295-4b34-9f09-4bfeb930dbd1,Edward Bear,MEDIUM,13.0,6.0,30.0,In Stock,2024-01-10 08:41:54
39114b24-8530-4665-8ba2-a966582f0428,3e6b74ca-e295-4b34-9f09-4bfeb930dbd1,Edward Bear,SMALL,10.0,5.0,23.0,Out of stock,2024-01-10 08:41:54
74d71ffb-2c81-475d-94a7-9cab6392d9bb,f1926a22-516d-48dc-a7f6-3ec84a0cf786,Personalised Bashful Beige Bunny Huge,HUGE,20.0,8.0,86.0,In Stock,2024-01-10 08:41:56
9aec6797-9f77-4269-b5df-17642a599fab,d9467bd8-f835-472c-8969-90fcceb01f14,Bashful Beige Bunny,VERY BIG,43.0,18.0,275.0,In Stock,2024-01-10 08:41:59
dd608240-6c65-4219-9ec4-b1993f6f20f9,d9467bd8-f835-472c-8969-90fcceb01f14,Bashful Beige Bunny,REALLY BIG,26.0,12.0,125.0,In Stock,2024-01-10 08:41:59
693f7880-ca87-4f31-be71-fe4a10519357,d9467bd8-f835-472c-8969-90fcceb01f14,Bashful Beige Bunny,HUGE,20.0,8.0,80.0,In Stock,2024-01-10 08:41:59
45879c6c-73d9-4183-9902-d942540e3846,d9467bd8-f835-472c-8969-90fcceb01f14,Bashful Beige Bunny,LARGE,14.0,6.0,43.0,In Stock,2024-01-10 08:41:59
ebad9678-c9c2-45e4-ad7e-10285b52e5ac,d9467bd8-f835-472c-8969-90fcceb01f14,Bashful Beige Bunny,MEDIUM,12.0,5.0,28.0,Out of stock,2024-01-10 08:41:59
4ea75e68-6737-47f4-a767-4fe8eaeff86e,d9467bd8-f835-472c-8969-90fcceb01f14,Bashful Beige Bunny,SMALL,7.0,4.0,18.0,In Stock,2024-01-10 08:41:59
4acb04ea-167b-46b7-bce8-18120e46b326,d9467bd8-f835-472c-8969-90fcceb01f14,Bashful Beige Bunny,TINY,5.0,2.0,14.0,In Stock,2024-01-10 08:41:59
7d3cedc6-c0bb-442a-946b-35442ea3c340,2a2296fb-f9b5-4d8a-9afd-aed75c17bd74,Bashful Cream Bunny,VERY BIG,43.0,18.0,275.0,Returning to stock 2-3 months,2024-01-10 08:42:11
dd511261-dd86-44f2-a0d4-c2ff76e64054,2a2296fb-f9b5-4d8a-9afd-aed75c17bd74,Bashful Cream Bunny,REALLY BIG,26.0,11.0,125.0,In Stock,2024-01-10 08:42:11
4c77b832-60fb-480a-b4c4-12852cf28e37,2a2296fb-f9b5-4d8a-9afd-aed75c17bd74,Bashful Cream Bunny,HUGE,20.0,8.0,80.0,In Stock,2024-01-10 08:42:11
a43f7f2c-43fb-4a22-a805-2ad05ea34315,2a2296fb-f9b5-4d8a-9afd-aed75c17bd74,Bashful Cream Bunny,LARGE,14.0,6.0,43.0,In Stock,2024-01-10 08:42:11
71159ca2-4b8c-44dd-b1c6-f55889915554,2a2296fb-f9b5-4d8a-9afd-aed75c17bd74,Bashful Cream Bunny,MEDIUM,12.0,5.0,28.0,Returning to stock 2-3 months,2024-01-10 08:42:11
f1aea6e7-d05a-4b40-adc4-4d9b4fddb859,2a2296fb-f9b5-4d8a-9afd-aed75c17bd74,Bashful Cream Bunny,SMALL,7.0,4.0,18.0,In Stock,2024-01-10 08:42:11
9d75a19f-bade-4051-a8b9-5e03fc5ddb73,2a2296fb-f9b5-4d8a-9afd-aed75c17bd74,Bashful Cream Bunny,TINY,5.0,2.0,14.0,Out of stock,2024-01-10 08:42:11
921d5581-47b9-4520-8fed-eb2a73910c36,ec6de613-11f3-4c3c-9155-1c4188fd6d5c,Personalised Rose Dragon Huge,HUGE,7.0,26.0,126.0,In Stock,2024-01-10 08:42:13
3e0fae07-fb51-41b5-8b40-88b2304e2136,3afa45dd-56b8-41d9-9ec8-0c4ea3637777,Personalised Bashful Pink Bunny Soother,ONE SIZE,13.0,13.0,31.0,In Stock,2024-01-10 08:42:15
c8ff2333-abca-4dfd-9ffc-8a873cff1da2,f5254e10-0bdd-407a-995c-606cf4c2ee33,Rory Le Courageux Petit Lion & Fuddlewuddle Lion,MEDIUM,,,45.0,In Stock,2024-01-10 08:42:16
5b2b61c6-ed2b-4db4-9e09-d70916ef1d8f,fc5d73ba-7390-40fb-bab5-9f2845b0180f,All Kinds of Cats Book and Jellycat Jack,MEDIUM,,,60.0,In Stock,2024-01-10 08:42:18
616f1178-f5a7-4efe-a55b-98e3eaf5877e,ae06b4a1-ccd7-4388-83c8-59d4d15ae100,My Dad and Me Book and Bashful Fudge Puppy,MEDIUM,,,43.0,In Stock,2024-01-10 08:42:20
15b9d721-7c64-4fa9-970f-eb98ef4351ba,9295d45e-3f60-4fb0-b0f9-06b82be6f015,Lapin Timide Et Ses Petites Aventures & Bashful Beige Bunny,MEDIUM,,,43.0,In Stock,2024-01-10 08:42:21
df15f587-602b-4aae-b810-d8455ad78d37,1a15a7dc-2f99-4d96-a960-ef5db5987abc,Lottie Fairy Bunny Book and Lottie Bunny Fairy,ONE SIZE,,,47.5,In Stock,2024-01-10 08:42:23
f2e41336-43de-4d79-b86d-05a8371f2f21,12570075-18b0-4e33-934d-65729eb45b4b,Lapin Timide Veille Sur Tes Nuits & Bashful Cottontail Bunny,MEDIUM,,,43.0,In Stock,2024-01-10 08:42:25
c96d0f6c-d0fe-4c56-9227-7a90e2df136c,1bdf2d92-0409-4380-9d94-012f5dfd8c6d,Merry Mouse Book and Merry Mouse,ONE SIZE,,,42.5,In Stock,2024-01-10 08:42:26
2ea1c7e8-03e1-4b3e-bd64-7137e9f17725,aa13179f-0a15-4cab-a1a5-b9562483b528,Who Can I Find Book and Little Bunny,ONE SIZE,,,32.5,In Stock,2024-01-10 08:42:28
25ecde94-f8ea-4a62-be74-58d08095d493,42422a5d-319b-4e76-8530-551a256b65e1,Lapin Timide Veut Grandir & Bashful Cream Bunny,MEDIUM,,,43.0,In Stock,2024-01-10 08:42:30
f12c1722-b0d1-428f-8a61-9c7ac5395b41,0d71fc9b-86c5-4e66-86b1-4a6d44f5d8fb,Archie Dinosaur,ONE SIZE,9.0,6.0,35.0,More on the way,2024-01-10 08:42:31
c2ab73ab-9d4d-45dd-9f36-0dad33a474fb,5de6c5e6-28b4-4895-a134-486e1ccc0846,Bashful Grey Kitty,MEDIUM,12.0,5.0,28.0,More on the way,2024-01-10 08:42:33
38566a48-d59b-412f-9281-bf884eb09811,6dc55e0d-3f47-4e40-ba87-2f3be10d537a,If I Were a Bunny Board Book,ONE SIZE,6.0,6.0,13.5,Returning to stock 2-3 months,2024-01-10 08:42:35
90192193-5eef-4213-9156-6f5047dbc753,602b398a-b84d-4377-88b9-a3f34cd9ca36,Blossom Beige Bunny Bag Charm,ONE SIZE,7.0,2.0,23.0,More on the way,2024-01-10 08:42:36
d040e5c6-72e1-4937-a8b6-eb88db26b352,c6861a52-775d-4498-9ee2-8d12fd41e326,Blossom Blush Bunny Bag Charm,ONE SIZE,7.0,2.0,23.0,More on the way,2024-01-10 08:42:38
08786b36-0433-4b4e-9456-70c0edc1559b,28ef8f83-4e8a-4efd-a954-56bfadb47ba8,Blossom Jasmine Bunny Bag Charm,ONE SIZE,7.0,2.0,23.0,More on the way,2024-01-10 08:42:40
d791aa59-5a05-47e1-a3a7-b143cb245027,372a9316-49b1-44f1-90d1-9c32a0b5bbe6,Backpack Panda,ONE SIZE,9.0,4.0,30.0,More on the way,2024-01-10 08:42:42
c5d111c2-2a0a-4a18-b5a5-84cf35311158,d516b032-9d02-44d9-96a2-2616578ea501,Caboodle Puppy,ONE SIZE,4.0,4.0,20.0,More on the way,2024-01-10 08:42:43
b11c602a-2178-48a0-892d-b7703d5879f8,59aeef53-3cee-4b66-8cae-0ed44470f807,Carissa Persian Cat,ONE SIZE,10.0,10.0,45.0,Returning to stock 2-3 months,2024-01-10 08:42:45
03d63854-0998-43c6-82af-569676603220,e81e79fb-6b79-4540-a6d8-0c0761802502,Clyde Capybara,ONE SIZE,8.0,9.0,43.0,Out of stock,2024-01-10 08:42:47
2d8e4d5a-4df4-470f-9e29-c76070cbaf4a,4266cbdb-7524-4e09-af8f-b2275ac035aa,Dario Donkey,ONE SIZE,14.0,7.0,60.0,More on the way,2024-01-10 08:42:49
920c52a1-ffea-475a-a78f-dfd4e9df4234,b49526ec-1d68-4228-bb46-58a151fd1abb,Fuddlewuddle Ginger Cat,MEDIUM,9.0,5.0,30.0,More on the way,2024-01-10 08:42:50
1c98b596-f809-4d66-8b10-b4b55c10ddd0,9496d70e-bd64-4083-aa8e-58bfe2f45575,Gordy Guinea Pig,ONE SIZE,8.0,6.0,30.0,More on the way,2024-01-10 08:42:52
5bac7f26-ead7-4d60-b1b7-82f34d2d1b5b,22d52397-15dd-4599-98cf-0193f5a9d165,Huddles Kangaroo,ONE SIZE,10.0,6.0,45.0,Returning to stock 2-3 months,2024-01-10 08:42:54
470857c5-c3e4-4e5d-9074-498e6c34463b,07b0748f-7c3c-4627-b44a-b66fefe97845,Iris Siamese Cat,ONE SIZE,11.0,5.0,33.0,More on the way,2024-01-10 08:42:55
e1bfdbd9-f053-42e6-973c-ebbc9539fa22,8e518731-6de3-492d-bf94-1d061a633017,Little Goat,ONE SIZE,7.0,4.0,22.0,More on the way,2024-01-10 08:42:57
b4f9f7d8-52fe-4481-aab4-d43e6ac39c13,02118a27-69df-4078-a29f-98fd1d5e3601,Little Pig Bag,ONE SIZE,7.0,7.0,40.0,More on the way,2024-01-10 08:42:58
f149af0f-2f3f-42cb-b97e-9902f1cc3473,e5843e80-1778-4958-8b73-70205af0b393,Little Pup Bag Charm,ONE SIZE,7.0,2.0,25.0,More on the way,2024-01-10 08:43:00
273e93d8-f9c8-4f36-9258-8927a026940e,cf1fee26-713c-4a64-b868-50c1b27af37d,Randall Basset Hound,ONE SIZE,9.0,13.0,35.0,More on the way,2024-01-10 08:43:02
3fca77cb-1869-4736-9000-354ea763ff30,6b2cf4aa-4f7a-4be3-85a3-79ccc336b7f1,Richie Dromedary,ONE SIZE,11.0,17.0,60.0,More on the way,2024-01-10 08:43:04
408e5dd1-77a8-4f9e-972c-b19a597fc76b,493e41ac-1606-43d1-83e2-29565c030653,Tilly Golden Retriever,ONE SIZE,11.0,6.0,35.0,More on the way,2024-01-10 08:43:05
790be049-0135-4b25-a0de-ad8e06e75ed3,006c965c-cb12-4c0d-9609-c7bbb2fc9ae6,Wanderlust Elly,ONE SIZE,7.0,14.0,100.0,More on the way,2024-01-10 08:43:07
6daac8ff-39aa-49b9-9b64-8e62dcb93528,910b59a3-562c-479e-bfa8-cdd3a38d6da2,Yummy Puppy,ONE SIZE,6.0,3.0,20.0,Returning to stock 2-3 months,2024-01-10 08:43:08
ce687f0a-2766-474a-828d-14f345d2759f,fdcd9874-100a-4f32-b4e7-dc78a78abf8f,Festival Dragon,ONE SIZE,4.0,17.0,55.0,Returning to stock next week,2024-01-10 08:43:10
444661b5-bb10-4e81-ad3d-1cccc0272135,fcc3a262-235c-49a3-a234-006b0d2bfaf2,Dainty Dessert Bunny Cupcake,ONE SIZE,6.0,4.0,28.0,Returning to stock 2-3 months,2024-01-10 08:43:12
62a1fab3-4bb7-4427-b3f1-02c50d05a82c,3aa96d80-666f-4692-8630-c427c99c8d15,Fluffy Duck,ONE SIZE,4.0,2.0,15.0,Returning to stock 2-3 months,2024-01-10 08:43:13
c85dfdee-984a-4c4c-a4f9-cac9661708b8,430d0c49-5679-47a6-8ff4-964692fffc94,Finnegan Frog,ONE SIZE,9.0,3.0,20.0,More on the way,2024-01-10 08:43:15
5d1e1baa-f784-4fa5-b93a-c899b64de3aa,e19617ce-686f-43b7-aa20-0f3cc22162d0,Honeyhome Bee,ONE SIZE,7.0,7.0,35.0,More on the way,2024-01-10 08:43:16
5c9492e8-d969-4639-a153-f05aee7048df,a3fe5b67-19db-4cdb-9516-7a1bb07c6a82,Bartholomew Bear Bag,ONE SIZE,6.0,7.0,38.0,Returning to stock 3-4 weeks,2024-01-10 08:43:18
8b1e03c4-5cdc-486d-ba7d-11ad8dce9d2c,8cac089f-d433-48bf-845b-c21da9bbc9a4,Bashful Bunny Cream Bag Charm,ONE SIZE,7.0,2.0,19.0,Out of stock,2024-01-10 08:43:20
bcda892c-524c-48c1-bd57-76d90711b69e,59d48aaf-56df-4142-b56c-58b0de4fd407,Bashful Bunny Truffle Bag Charm,ONE SIZE,7.0,2.0,19.0,More on the way,2024-01-10 08:43:22
a16534dd-5601-4a60-b4b1-ffa3bd433e21,259b79ca-6cd1-4b7a-9517-5be439274d18,Bashful Bunny Inky Bag Charm,ONE SIZE,7.0,2.0,19.0,More on the way,2024-01-10 08:43:23
f443597c-6696-4e0e-9e85-d3e3ab9f0312,2fe150b0-5713-4951-8a5c-29ad86e2644b,Kitten Tails Activity Book,ONE SIZE,9.0,5.0,18.5,More on the way,2024-01-10 08:43:25
c4f8f8d2-59b9-458b-9581-8576967b41b9,d8af3868-9315-4e6d-b1b3-9e13717e832b,When I Am Sleepy Book,ONE SIZE,8.0,8.0,15.0,Returning to stock 3-4 weeks,2024-01-10 08:43:26
3434b61c-2300-4d53-ba24-d5eb8173ad9f,76d641b2-b535-482f-a1d1-d8a6ecb1d495,Backpack Puppy,ONE SIZE,9.0,4.0,30.0,More on the way,2024-01-10 08:43:28
0f73bb63-579e-4cac-94a1-8f45c9acb7ed,6aeae4aa-1fca-4877-80e9-9e3033b29e53,Caractacus Chameleon,ONE SIZE,15.0,7.0,65.0,More on the way,2024-01-10 08:43:30
7cbb3858-84fd-405b-af35-96199b7a12df,89f60730-c2e2-417c-b5dd-7dbe76a02129,Cauldron Cuties,ONE SIZE,6.0,5.0,35.0,More on the way,2024-01-10 08:43:32
1bf24d02-b9b8-40c7-9b9d-1f9582d0e648,008211b6-8918-42d4-9d76-04fb8491b26b,Coquette Cutie Cat,ONE SIZE,10.0,2.0,32.5,More on the way,2024-01-10 08:43:34
2f3cfc4c-ff63-4ab3-bdf6-88e8280a4990,bc7b98dd-e666-41d9-957e-25a1f6584635,Floofie St Bernard,ONE SIZE,7.0,16.0,80.0,More on the way,2024-01-10 08:43:35
9b473504-48a0-4726-8e19-f70d87761165,b50f6c7a-c46e-4405-9ddc-bafadeca9037,Freya Pony,ONE SIZE,13.0,13.0,65.0,More on the way,2024-01-10 08:43:37
375dd33c-9a2c-40cd-8bb8-4aef098fcad0,3e954b52-a036-4547-aeb0-328d6c417c9e,Georgiana Poodle,ONE SIZE,9.0,5.0,33.0,More on the way,2024-01-10 08:43:38
446a7b4e-e3a0-4714-9aa4-4bcc12c93f10,c7896f70-44a9-4d08-9694-0ccb64e1544b,Jackson Husky,ONE SIZE,10.0,6.0,35.0,More on the way,2024-01-10 08:43:40
70e15f26-6954-4408-a339-2d11ee700329,819d751c-c282-4423-9d91-b454d5a42980,Kitten Caboodle Grey,ONE SIZE,4.0,4.0,20.0,Returning to stock 3-4 weeks,2024-01-10 08:43:42
4822fc01-459c-4247-8a03-6a3a1e54f8a3,c835b476-6cd1-4d1d-8274-261d5a111f83,Little Snake,ONE SIZE,6.0,8.0,22.0,Returning to stock 2-3 months,2024-01-10 08:43:44
fa454f1e-f371-4885-97b3-6c1f2e0f39ec,418c5880-6a9a-477e-aeda-873df367c197,Munro Scottie Dog Bag Charm,ONE SIZE,4.0,2.0,23.0,Returning to stock 2-3 months,2024-01-10 08:43:45
20287392-2742-4a0c-b08b-42d87708816b,185a2049-9a83-45f0-88df-33a6071eff6f,Munro Scottie Dog Bag,ONE SIZE,9.0,5.0,40.0,Out of stock,2024-01-10 08:43:47
b33d50fd-4546-4a54-ab3e-b81ffec1aa05,69fe59f0-0e33-4073-959d-68804dc05d6a,Myrtle Hippopotamus,ONE SIZE,15.0,6.0,45.0,More on the way,2024-01-10 08:43:48
7873f4e6-b9d6-40b1-8e83-4a0ae36e413b,d21c96d3-4ec8-4b07-8f87-5d61f5db09da,Nessie Nessa,ONE SIZE,9.0,14.0,30.0,Out of stock,2024-01-10 08:43:50
4ad7648e-5e10-4a97-88c2-8c078ce46813,9e4e665d-1d30-40f7-ad13-fafba0c340d4,Ooky Bat,ONE SIZE,6.0,2.0,20.0,More on the way,2024-01-10 08:43:53
22136579-19bb-41c5-883b-26a3c1ec81c2,2e11860f-4421-4947-bc10-683bfabd2381,Otto Sausage Dog Bag,ONE SIZE,6.0,9.0,40.0,Returning to stock 2-3 months,2024-01-10 08:43:54
37a11562-e1f0-4b85-9fd1-038fbe068c1f,19ee5b03-36e1-4611-a727-5945740ecf4c,Ricky Rain Frog Bag Charm,ONE SIZE,3.0,3.0,23.0,Returning to stock 3-4 weeks,2024-01-10 08:43:56
a216e0ba-0255-43b1-8d4b-ff14bcfd40bf,dd72220e-5732-4465-96bb-87f39e97957d,Timmy Turtle,ONE SIZE,11.0,8.0,40.0,More on the way,2024-01-10 08:43:58
7a1d3f70-8f2c-4b01-9274-ebeacb14ed4d,ddae48a4-6a1f-4050-88e7-378104a49f14,Yummy Bear,ONE SIZE,6.0,3.0,20.0,Returning to stock 2-3 months,2024-01-10 08:44:00
7b8d6971-f64f-4cb5-bb72-b05d837f8b0f,d469c486-55ff-4c09-86c0-6f0a53af7409,Birdling Seagull,ONE SIZE,4.0,3.0,17.0,More on the way,2024-01-10 08:44:01
68c3f408-a578-401f-ba04-5dfc86eb0479,1fa0e8d3-ad83-4848-a769-8e3e8c984b99,Bartholomew Bear Bedtime,MEDIUM,10.0,5.0,30.0,More on the way,2024-01-10 08:44:03
c662632b-d970-41fb-86b5-5ce689973bca,091ba4ea-a393-4b7a-93f0-703290151140,Little Reindeer,ONE SIZE,7.0,4.0,20.0,More on the way,2024-01-10 08:44:05
ebe82091-0336-4262-bd80-6e1ff4966751,cb5f4aa7-e2ce-40ed-a45b-9745018b449e,Merry Mouse Sleighing,ONE SIZE,7.0,4.0,42.5,Out of stock,2024-01-10 08:44:07
6f4b98f7-3c2c-4dbf-bc1d-daa7c10abb3b,c999765d-0a8d-4f45-8ba3-1f751408760e,Winter Warmer Munro Scottie Dog,ONE SIZE,8.0,5.0,32.5,Out of stock,2024-01-10 08:44:08
b465cad0-3750-4c6c-b0c1-4e233410e3e5,b9a9cca5-f0c3-4622-b4e3-aa6c8c46cb82,Nesting Penguins,ONE SIZE,4.0,5.0,35.0,More on the way,2024-01-10 08:44:10
9aa6fd56-b9b1-414f-ab88-243e29cec833,36191cb5-10a5-4664-b1e2-a92988c80d39,Ronnie Rockhopper Penguin,ONE SIZE,10.0,4.0,25.0,More on the way,2024-01-10 08:44:12
5eb713cb-1d72-4c60-bca0-aac1e2919588,f03e5bc6-af46-4d34-933f-5f700db35807,Wee Reindeer,ONE SIZE,5.0,3.0,17.5,Out of stock,2024-01-10 08:44:13
81030f73-7a40-4016-a328-aa5f8dd737de,6b8e141f-80b3-406a-81aa-881dae548a55,Blowzy Belle Cat,ONE SIZE,17.0,4.0,37.5,More on the way,2024-01-10 08:44:15
d2603a51-b82e-42a1-a826-96f0d5e3bfa6,205dd10a-da27-457a-9330-8a44d67933bf,Fuzzkin Lamb,ONE SIZE,9.0,4.0,25.0,More on the way,2024-01-10 08:44:17
6268d42f-354d-4cb9-833d-a41942ba6d9a,b641f2aa-ec98-4748-80fe-bed3fad16739,Herbie Highland Cow,ONE SIZE,10.0,6.0,35.0,More on the way,2024-01-10 08:44:18
09299373-359f-42e0-b599-718b68630aac,b1634bd9-fed2-4ec6-9878-37a54388e83e,Little Monkey,ONE SIZE,7.0,4.0,22.0,More on the way,2024-01-10 08:44:20
2ec40abc-0f1f-4f3d-8611-f0c5680d8a40,c083dad1-6bf2-498e-b27a-86d3734f662c,Little Mouse,ONE SIZE,7.0,4.0,22.0,More on the way,2024-01-10 08:44:22
e26d9851-55f5-4cf5-8361-3cbab4ac40a6,28afd91b-ecb2-4d6e-9bd9-d0e1d3cfaf79,Personalised Bashful Luxe Bunny Rosa Huge,HUGE,20.0,8.0,91.0,More on the way,2024-01-10 08:44:24
676141f1-2305-4239-ba82-a6727ea5d2d0,94e1d791-529d-4041-a261-8071694d5266,Sweetsicle Elephant,ONE SIZE,6.0,3.0,20.0,More on the way,2024-01-10 08:44:26
92f768aa-2b31-490c-8527-c350989f13e7,fde9b8b4-bfce-475a-b676-2ee34aba8cf6,Tumblie Elephant,ONE SIZE,5.0,14.0,30.0,Returning to stock 2-3 months,2024-01-10 08:44:27
e1a68f3d-d3bb-457f-8234-62b7566c1ed5,89f89a7e-1d46-4ebb-b356-b92053efbcf0,Wavelly Whale Blue,ONE SIZE,2.0,6.0,15.0,More on the way,2024-01-10 08:44:29
41b84569-3e58-4730-b9e0-83923382c099,f110f0e9-c7b2-400f-8eff-d22be4230368,Wavelly Whale Grey,ONE SIZE,3.0,5.0,15.0,Returning to stock 2-3 months,2024-01-10 08:44:30
9d31d272-2b17-48a7-a743-8079b3d8bdc0,a7338ffd-9373-4a30-bd4f-11a7524289b3,Lottie The Ballet Bunny Book,ONE SIZE,7.0,7.0,15.0,Returning to stock 3-4 weeks,2024-01-10 08:44:32
791a8d79-c6bc-4486-b3f8-12783be2f255,7db8cc45-ab1d-42e9-9f19-2bf4c0fd3569,Sandy Snail,ONE SIZE,5.0,3.0,27.0,Returning to stock 2-3 months,2024-01-10 08:44:34
ccc6d15c-c518-433b-a4bc-f38a28cab7ad,53413746-2792-470f-9d22-9265b6a48a30,Yummy Duckling,ONE SIZE,6.0,4.0,20.0,More on the way,2024-01-10 08:44:36
4238453e-dffe-413d-8f0d-271272a5f39b,b13f203b-2d19-499c-873d-681876108827,Yummy Lamb,ONE SIZE,6.0,4.0,20.0,More on the way,2024-01-10 08:44:37
f493c088-2858-4010-9de0-9c4108fdc4a4,656bb655-1834-4961-ba93-7fd3c9c0103a,Amore Dog,ONE SIZE,10.0,7.0,40.0,More on the way,2024-01-10 08:44:39
b660a57a-7fc2-4c77-b54e-b6022cf5759b,9b45db99-5c2c-4b58-bd28-cc7cc6ac108b,Ambrosie Squirrel,ONE SIZE,9.0,4.0,35.0,More on the way,2024-01-10 08:44:40
1f04c7dd-4949-4bf8-903a-bd7a9cf7e2d1,5ac41fae-bc54-418f-b36d-935888ce7351,Archibald Elephant,MEDIUM,10.0,5.0,28.0,Returning to stock 2-3 months,2024-01-10 08:44:42
564a8bde-0454-45ff-9867-d082929df321,1a041458-2b9f-4c99-80d0-d0cf9c4c05d8,Barnabus Pig,HUGE,17.0,7.0,55.0,Out of stock,2024-01-10 08:44:44
c9d5b09e-f138-4d42-a71d-ec70a093a632,1a041458-2b9f-4c99-80d0-d0cf9c4c05d8,Barnabus Pig,MEDIUM,10.0,5.0,28.0,Returning to stock 2-3 months,2024-01-10 08:44:44
03de7c3d-f1b5-44b4-933b-603a6b5834fb,3b433120-cb71-4c66-8723-3b01478df4c6,Bashful Koala,MEDIUM,11.0,5.0,28.0,More on the way,2024-01-10 08:44:46
02a90b45-e257-4562-b3c3-c1387b412d40,5a49530b-844a-4bfe-a79e-59cee6150c54,Backpack Unicorn,ONE SIZE,9.0,4.0,30.0,More on the way,2024-01-10 08:44:48
8b67e6fb-1a14-426f-afbf-2fd85842f323,b7855f4d-e748-431e-90e4-35531ab8c2e2,Floofie Sheepdog,ONE SIZE,10.0,16.0,80.0,More on the way,2024-01-10 08:44:50
cc4f26e6-05f0-4509-ba27-dcaca50e638a,8f063d0b-1ca8-4f86-8da3-4f2e8d339285,Magnus Manatee,ONE SIZE,6.0,14.0,50.0,More on the way,2024-01-10 08:44:51
15b10d75-a1dd-4dbc-b4d8-314b81176700,50241635-0bad-4428-9c64-bb13b9141bfd,Napping Nipper Cat,ONE SIZE,4.0,6.0,25.0,More on the way,2024-01-10 08:44:53
2abb459e-af44-48fb-9f35-882dbfc8bb39,42f5d968-2b4e-4915-b680-701254aa7772,Hibernating Penguin,ONE SIZE,5.0,5.0,22.0,More on the way,2024-01-10 08:44:55
3c77ffa2-1b7c-4d1c-bb0a-602ad3c6d003,c93da78b-d9dd-4feb-b0c8-b3210d241336,Little Penguin,ONE SIZE,7.0,3.0,22.0,More on the way,2024-01-10 08:44:57
08764e68-97a6-4a38-8bc9-ef13ad4c3aee,aefe314d-2b9e-4963-b8ec-d9878aa9ec85,Merry Mouse Candy Cane,ONE SIZE,7.0,4.0,27.5,More on the way,2024-01-10 08:44:59
ae4eb44d-4aa8-42e2-abe9-44ddfaa986fd,b75f54c7-f873-49eb-8f05-246406fd8665,Mitzi Reindeer,LARGE,14.0,4.0,50.0,More on the way,2024-01-10 08:45:01
b76fd562-3141-484b-b1c9-2c8cd989ec81,b75f54c7-f873-49eb-8f05-246406fd8665,Mitzi Reindeer,MEDIUM,10.0,3.0,32.5,More on the way,2024-01-10 08:45:01
cbc12bb0-0c88-4d56-92d3-54bef3bfa5f8,aa7ed6be-948e-4ecb-9b22-b74241765208,Bashful Black Kitten,MEDIUM,12.0,5.0,28.0,More on the way,2024-01-10 08:45:03
9aa34ac7-821f-48ef-9bc8-d6825b91db3c,49351349-89ab-465b-94ea-5d6fd49ba89b,Bashful Snow Tiger,REALLY BIG,26.0,12.0,125.0,Out of stock,2024-01-10 08:45:05
956fcd94-0b9e-49c3-9607-f21ceeb0b503,49351349-89ab-465b-94ea-5d6fd49ba89b,Bashful Snow Tiger,HUGE,20.0,8.0,80.0,Out of stock,2024-01-10 08:45:05
996fa0ce-4462-43ca-8b47-4cb5201f3098,49351349-89ab-465b-94ea-5d6fd49ba89b,Bashful Snow Tiger,MEDIUM,12.0,5.0,28.0,Returning to stock 3-4 weeks,2024-01-10 08:45:05
bfdd9d66-3e80-4e28-9d72-f53b645e2652,8a08c34f-34c4-4455-ac63-4af8b06f2e06,Birdling Blue Jay,ONE SIZE,4.0,3.0,17.0,More on the way,2024-01-10 08:45:07
627ccd38-24de-4ca1-95a7-757e63e1d311,5727e4e0-aae1-42aa-8bec-4d076655289b,Birdling Mallard,ONE SIZE,4.0,3.0,17.0,More on the way,2024-01-10 08:45:08
b1703274-7d5e-4775-a283-3e2474ba2302,a4509917-6e21-4f79-b825-18c1807f82dd,Birdling Pigeon,ONE SIZE,4.0,3.0,17.0,More on the way,2024-01-10 08:45:10
d37f1a5a-5eb8-4726-9f59-d76b7247ad0c,ae4dc2a7-2113-468c-900f-cca5ea566739,My Dad and Me Book,ONE SIZE,8.0,8.0,15.0,Returning to stock 3-4 weeks,2024-01-10 08:45:12
21d25d6e-59e0-4153-a1b2-f8112fbb5c09,56b4549a-8463-4dbe-bb0f-1d132c30e249,Backpack Elephant,ONE SIZE,9.0,4.0,30.0,Returning to stock 2-3 months,2024-01-10 08:45:14
b6d4b116-e6b0-4267-8f02-07f0979ebc01,b69b8f90-583b-42ed-b3ab-6485f10a499d,Bruce Bush Baby,ONE SIZE,7.0,5.0,27.5,More on the way,2024-01-10 08:45:16
50ca5ecd-0bb2-4c6c-af42-f5100b4f6e5e,df57f095-46f5-447c-b447-55f46b500295,Curvie Sheep Dog,ONE SIZE,9.0,6.0,33.0,More on the way,2024-01-10 08:45:20
3ee542e1-a4c3-4eed-8ecd-34cfb0229d6d,5d022d1e-0341-4245-8d89-81eddb6f8fe6,Flumpie Frog,ONE SIZE,7.0,5.0,28.0,More on the way,2024-01-10 08:45:22
a8aaec19-3ba3-4fe9-a1b5-476400a9923b,3fa4c9d3-a1a3-40d6-9905-e9d202ca2191,Huggady Panda,LARGE,13.0,7.0,67.5,Out of stock,2024-01-10 08:45:56
9dfd9906-ec32-4392-be6f-bba9a0fe5aba,3fa4c9d3-a1a3-40d6-9905-e9d202ca2191,Huggady Panda,MEDIUM,9.0,5.0,30.0,More on the way,2024-01-10 08:45:56
566b0748-b8b1-48de-8755-909ac24a9246,ae4b3999-62aa-44bf-a5fe-15ad53930aec,Bashful Snow Tiger with Personalised Cream Jumper,MEDIUM,12.0,5.0,38.0,Returning to stock 3-4 weeks,2024-01-10 08:45:59
7bf11e8e-a481-4248-bd92-32a98e17eaf6,84eb7045-0805-4a48-86dc-c6f8512eda56,Bashful Snow Tiger with Personalised Navy Jumper,MEDIUM,12.0,5.0,38.0,Returning to stock 3-4 weeks,2024-01-10 08:46:01
73fa3382-a16e-4a92-99cf-30a1847f0111,3df49e73-bd71-4d7a-b899-aaa5074d4028,Bashful Snow Tiger with Personalised Red Jumper,MEDIUM,12.0,5.0,38.0,Returning to stock 3-4 weeks,2024-01-10 08:46:03
0316ec1c-48f6-418e-b959-910c97bfab6e,786f6ad4-60fc-4de6-ab31-d23af86a58c7,Kitten Caboodle Ginger,ONE SIZE,4.0,4.0,20.0,More on the way,2024-01-10 08:46:05
c4e32bd3-0a6e-42f2-b96f-f1f00fadaedf,dec7fb59-79af-414a-8514-1478280b6d64,Little Frog,ONE SIZE,7.0,4.0,22.0,More on the way,2024-01-10 08:46:06
7c9dc120-0c5a-4b95-8406-dc9a317c585a,e1972fd7-acfb-4cad-acc5-a456f11853f5,Munro Scottie Dog,HUGE,17.0,9.0,75.0,Out of stock,2024-01-10 08:46:08
61dd19ee-0e9e-4242-a11d-e9a38aca1d3f,e1972fd7-acfb-4cad-acc5-a456f11853f5,Munro Scottie Dog,MEDIUM,9.0,5.0,30.0,Returning to stock 2-3 months,2024-01-10 08:46:08
d59be45c-f283-4a37-b544-b0b3ca509a42,c50ca828-96ca-4039-a80f-214648c791c8,Pacey Pufferfish,ONE SIZE,6.0,9.0,33.0,Returning to stock 2-3 months,2024-01-10 08:46:10
332b3f0d-14d3-498f-9773-93210242952c,90fdc345-48a5-4438-9baf-6e4bee0c9116,Rock-a-Bye Bunny,ONE SIZE,7.0,4.0,30.0,More on the way,2024-01-10 08:46:11
