jellycatid,jellycatname,size,price,stock,datecreated,height,width
cc1d97d7-a639-4080-9334-66ae6f22e365,Bashful Luxe Bunny Azure,HUGE,85.0,In Stock,2024/01/05 21:48:53,20,8
cc1d97d7-a639-4080-9334-66ae6f22e365,Bashful Luxe Bunny Azure,MEDIUM,35.0,In Stock,2024/01/05 21:48:53,12,5
f8b08bf8-2fdd-4f20-9166-512b72258bbc,All Kinds of Cats Book,ONE SIZE,15.0,In Stock,2024/01/05 21:48:54,9,7
58dfbe6b-82c8-495e-91b7-70db1d20b1ed,Fergus Frog,ONE SIZE,50.0,In Stock,2024/01/05 21:48:56,13,4
2853adc0-d06b-4fe5-8963-9ec4533ce7d7,Jellycat Head Giant,ONE SIZE,220.0,In Stock,2024/01/05 21:48:58,22,24
8c3ae954-5a51-4a88-847c-4dc6496ae78f,Jellycat Jack,REALLY BIG,165.0,In Stock,2024/01/05 21:49:00,26,9
8c3ae954-5a51-4a88-847c-4dc6496ae78f,Jellycat Jack,HUGE,110.0,In Stock,2024/01/05 21:49:00,19,6
8c3ae954-5a51-4a88-847c-4dc6496ae78f,Jellycat Jack,MEDIUM,45.0,Returning to stock next week,2024/01/05 21:49:00,13,4
cddd253d-de48-42a9-940e-99d367266a2a,Jellycat Bag Charm,ONE SIZE,28.0,In Stock,2024/01/05 21:49:01,5,4
15372731-b52c-465b-bd3c-d1101d9ba768,Jellycat Bag,ONE SIZE,45.0,In Stock,2024/01/05 21:49:03,6,9
e0df09eb-c388-4e60-9bd6-3418504d5092,Junglie Monkey,MEDIUM,55.0,In Stock,2024/01/05 21:49:04,18,7
d2886c8e-56a9-413d-8d49-14b6d1870e43,Truffles Sheep,LARGE,110.0,In Stock,2024/01/05 21:49:06,9,25
2f88c504-4a53-4ea5-be96-08c1fbe80236,Golden Dragon,HUGE,120.0,In Stock,2024/01/05 21:49:08,7,26
2f88c504-4a53-4ea5-be96-08c1fbe80236,Golden Dragon,LARGE,65.0,In Stock,2024/01/05 21:49:08,5,20
2f88c504-4a53-4ea5-be96-08c1fbe80236,Golden Dragon,LITTLE,32.5,In Stock,2024/01/05 21:49:08,3,12
97db3263-601d-4156-ba45-a89f61458212,Golden Dragon Bag Charm,ONE SIZE,28.0,In Stock,2024/01/05 21:49:10,5,9
183b4d9c-5214-413f-9eca-903437550c77,Lavender Dragon Bag Charm,ONE SIZE,28.0,In Stock,2024/01/05 21:49:11,5,9
5ba2225e-bfd9-45cd-abd5-05c125963dde,Little Dragon Bag Charm,ONE SIZE,23.0,In Stock,2024/01/05 21:49:13,7,2
b77f0d80-bd3b-4aba-ab7a-dab9f4a53b85,Rose Dragon Bag Charm,ONE SIZE,28.0,In Stock,2024/01/05 21:49:15,5,9
88a5d0f5-2da0-4874-a9dd-40e9e30e6b3b,Snow Dragon Bag Charm,ONE SIZE,28.0,In Stock,2024/01/05 21:49:16,5,9
4386a597-ec69-48a1-b9fd-c6dc85ac9ecc,Aimee Sheep,ONE SIZE,40.0,In Stock,2024/01/05 21:49:18,8,9
5f530a2e-7e83-4b14-8d9b-83b714186711,Bashful Red Love Heart Bunny,MEDIUM,32.0,In Stock,2024/01/05 21:49:20,12,5
5f530a2e-7e83-4b14-8d9b-83b714186711,Bashful Red Love Heart Bunny,SMALL,25.0,In Stock,2024/01/05 21:49:20,7,4
8ec2826f-9352-4ac7-aa37-258cc6dd340e,Fabian Frog Prince,ONE SIZE,40.0,In Stock,2024/01/05 21:49:21,9,8
4a886d24-e137-4f3d-be60-37de105c8a13,Loulou Love Bug,ONE SIZE,20.0,In Stock,2024/01/05 21:49:22,2,5
4a2694d9-79d4-4072-92d0-fbe4bf021723,Amore Bunny,MEDIUM,40.0,In Stock,2024/01/05 21:49:24,10,7
73152c86-8ec2-4b1c-be82-75770e700eea,Bibbly Bobbly Sheep,ONE SIZE,55.0,In Stock,2024/01/05 21:49:26,14,9
a80c71d2-6b1f-45a4-bb95-aad814d46b91,Brynlee Bee,ONE SIZE,28.0,In Stock,2024/01/05 21:49:27,5,6
def082a0-9e6b-4400-afcb-0e23a3e89a33,Bartholomew Bear Bathrobe,MEDIUM,45.0,In Stock,2024/01/05 21:49:29,10,5
c519de78-6720-4002-9735-e463f7c404ce,Bashful Duckling,MEDIUM,28.0,In Stock,2024/01/05 21:49:30,12,5
5bf8b7a1-165d-43b7-b396-01c40ddea20c,Bashful Moss Bunny,MEDIUM,28.0,In Stock,2024/01/05 21:49:32,12,5
5bf8b7a1-165d-43b7-b396-01c40ddea20c,Bashful Moss Bunny,SMALL,18.0,In Stock,2024/01/05 21:49:32,7,4
a4133b53-0f98-4b79-b485-be7157525e5e,Bashful Viola Bunny,MEDIUM,28.0,In Stock,2024/01/05 21:49:34,12,5
a4133b53-0f98-4b79-b485-be7157525e5e,Bashful Viola Bunny,SMALL,18.0,In Stock,2024/01/05 21:49:34,7,4
f6ba0830-038f-4d23-a78e-a4f986d2b243,Bashful Bunny with Carrot,SMALL,28.0,In Stock,2024/01/05 21:49:35,7,4
2dde2232-45a7-4441-a32c-b31c17869c16,Bashful Bunny with Daffodil,SMALL,28.0,In Stock,2024/01/05 21:49:37,7,4
c6ba4214-6c11-4e56-bb5c-23f103133df2,Lottie Fairy Bunny Book,ONE SIZE,15.0,In Stock,2024/01/05 21:49:38,7,7
b4d661b2-9197-4323-a704-7ec7253fcdde,Blossom Cherry Bunny,MEDIUM,28.0,In Stock,2024/01/05 21:49:40,12,5
b4d661b2-9197-4323-a704-7ec7253fcdde,Blossom Cherry Bunny,SMALL,18.0,In Stock,2024/01/05 21:49:40,7,4
58e36eac-a7b5-441a-a479-67ecc168b4c9,Dainty Dessert Bunny Macaron,ONE SIZE,28.0,In Stock,2024/01/05 21:49:41,5,5
6970ca42-7d4a-47df-a4a5-d3b64e559d13,Lottie Bunny Fairy,ONE SIZE,32.5,In Stock,2024/01/05 21:49:43,11,3
bdccd8c4-bd69-46d8-8cff-1225ca328ed8,Messenger Bunny,ONE SIZE,32.5,In Stock,2024/01/05 21:49:44,7,5
ec02b779-85ea-4aa1-a355-644831161f4b,Amore Corgi,MEDIUM,40.0,In Stock,2024/01/05 21:49:46,10,7
774933d6-0bde-42e6-9d38-382b40952d9b,Bartholomew Bear Pumpkin,LARGE,50.0,In Stock,2024/01/05 21:49:48,14,8
bbc186e1-cd53-4747-b760-3a13ab4340e8,Bashful Pegasus,MEDIUM,28.0,In Stock,2024/01/05 21:49:49,12,5
5a9e3cb4-700d-4606-b0bf-f6ffffed35f5,If I Were an Owl Board Book,ONE SIZE,13.5,In Stock,2024/01/05 21:49:51,6,6
d9e744f0-8fb2-452a-854b-93f2a78dc13b,Betty Corgi Bag Charm,ONE SIZE,23.0,In Stock,2024/01/05 21:49:53,4,2
097f8043-8481-4714-9d94-bfbde4de7060,Rory Le Courageux Petit Lion Livre (The Very Brave Lion),ONE SIZE,15.0,In Stock,2024/01/05 21:49:54,9,9
ff7b4b10-3439-4b71-a89b-e0c39e9ae05d,Lapin Timide Et Ses Petites Aventures Livre (Little Me),ONE SIZE,15.0,In Stock,2024/01/05 21:49:56,8,8
a433f4c6-6133-47d6-9520-e2d14cfc511b,Lapin Timide Veille Sur Tes Nuits Livre (The Magic Bunny),ONE SIZE,15.0,In Stock,2024/01/05 21:49:58,7,7
be9cfeaa-1dff-4fd5-bde3-9e1b2fe7fb5f,Lapin Timide Veut Grandir Livre (When I Am Big),ONE SIZE,15.0,In Stock,2024/01/05 21:49:59,8,8
c9649647-fc89-433e-976d-282659b090c4,Bodacious Beak Parrot,ONE SIZE,30.0,In Stock,2024/01/05 21:50:01,9,4
2de54ef9-b4c3-42b1-b99d-430030595aba,Bodacious Beak Toucan,ONE SIZE,30.0,In Stock,2024/01/05 21:50:02,9,4
7405b3bd-ead8-45e7-a00c-75e1d92a8736,Bryno Dino,ONE SIZE,55.0,In Stock,2024/01/05 21:50:04,12,6
3210522b-f081-4fb9-a07b-51a89b368009,Coquette Cutie Bunny,ONE SIZE,32.5,In Stock,2024/01/05 21:50:05,10,2
9e5a0ac1-e7c3-41c8-9b44-544f70f8d1a6,Comfy Coat Bunny,ONE SIZE,25.0,In Stock,2024/01/05 21:50:07,7,3
802bf9f3-dadd-454d-a4ad-c26d28d5efa7,Comfy Coat Mouse,ONE SIZE,25.0,In Stock,2024/01/05 21:50:09,7,3
a14122a8-f742-4b28-8c95-bf2a6d58c0c9,Cuddlebud Bernard Bunny,ONE SIZE,28.0,In Stock,2024/01/05 21:50:10,6,4
5e8ea946-a46b-4a6e-b2e4-1fff8aced81a,Cuddlebud Darcy Dormouse,ONE SIZE,28.0,In Stock,2024/01/05 21:50:12,6,4
c1505420-ca0c-4d53-94a7-435acb3a2eb2,Cuddlebud Morgan Mole,ONE SIZE,28.0,In Stock,2024/01/05 21:50:13,6,4
12075ea9-f239-4eee-88f3-5aa7bdaf1946,Spooky Greta Gremlin,ONE SIZE,40.0,In Stock,2024/01/05 21:50:15,11,4
d8a9fbc5-bd67-4384-aa4f-55e78329509e,Harvey Bear,ONE SIZE,150.0,In Stock,2024/01/05 21:50:17,11,25
7486bdcf-877c-4c5c-93ae-1b487c98a2a0,Huddles Grey Elephant,ONE SIZE,45.0,In Stock,2024/01/05 21:50:18,10,6
cc440976-c7e8-4f45-b5a4-38b4b166ad18,Isadora Unicorn,ONE SIZE,65.0,In Stock,2024/01/05 21:50:20,13,13
8fe9ec64-b974-48a4-8e2e-20a18eca16ce,Little Dragon,ONE SIZE,22.0,In Stock,2024/01/05 21:50:21,7,4
7f113ea9-5095-4272-b284-679582ea2ddd,Lois Lionfish,ONE SIZE,35.0,In Stock,2024/01/05 21:50:23,6,10
81c8d28c-59d1-44e0-9421-4b9a597f7679,Napping Nipper Westie,ONE SIZE,25.0,In Stock,2024/01/05 21:50:24,4,6
e3172d74-5d4d-40c3-b48e-7c60ef0009c2,Otto Sausage Dog Bag Charm,ONE SIZE,23.0,In Stock,2024/01/05 21:50:26,4,2
9742cfa1-86f2-4f1d-bdb9-393c9038c375,Ricky Rain Frog Bag,ONE SIZE,40.0,In Stock,2024/01/05 21:50:27,7,7
56438f8e-a192-4c46-997f-367ff3700db7,Stellan Sabre Tooth Tiger,ONE SIZE,75.0,In Stock,2024/01/05 21:50:29,19,7
b2c4b7ab-7f64-4fde-9368-668018297256,Sweater French Bulldog Purple,ONE SIZE,32.5,In Stock,2024/01/05 21:50:31,7,7
f3bf5d30-c453-4951-b630-83968f5993a6,Bashful Snow Tiger Soother,ONE SIZE,25.0,In Stock,2024/01/05 21:50:32,13,13
7fd8cd09-f6c3-4c86-9de0-9d80847c5b11,Spindleshanks Spider,SMALL,27.5,In Stock,2024/01/05 21:50:34,3,14
638c5019-2460-4e8c-a4d2-eb45343f627c,Stanley Stick Insect,ONE SIZE,28.0,In Stock,2024/01/05 21:50:35,3,11
fa5be291-a1c5-4015-b02a-071669169c88,Timmy Turtle,ONE SIZE,40.0,In Stock,2024/01/05 21:50:37,11,8
ff85e9e9-e9f8-4382-8141-81dff7ebc147,Viggo Mammoth,ONE SIZE,75.0,In Stock,2024/01/05 21:50:38,19,7
4aab8e67-76cc-4c46-a716-f21a440fea62,Maya Octopus,REALLY BIG,130.0,In Stock,2024/01/05 21:50:43,30,12
4aab8e67-76cc-4c46-a716-f21a440fea62,Maya Octopus,LARGE,53.0,In Stock,2024/01/05 21:50:43,19,7
4aab8e67-76cc-4c46-a716-f21a440fea62,Maya Octopus,LITTLE,30.0,Returning to stock 3-4 weeks,2024/01/05 21:50:43,9,4
4aab8e67-76cc-4c46-a716-f21a440fea62,Maya Octopus,TINY,18.0,Returning to stock 3-4 weeks,2024/01/05 21:50:43,6,3
4f289fd3-c80b-464c-8aca-9b93fdf7b798,Albert Jack Russell,ONE SIZE,30.0,In Stock,2024/01/05 21:50:45,7,6
e5124a97-4dd0-410b-b21b-9268ed3b5fb4,Birdling Hummingbird,ONE SIZE,17.0,In Stock,2024/01/05 21:50:46,4,2
76132272-9966-4f8b-b402-218fbb5472dc,Bartholomew Bear Bedtime,MEDIUM,30.0,In Stock,2024/01/05 21:50:48,10,5
8c17b8fe-2d2b-4270-9272-808016c47a46,Bashful Christmas Bunny,MEDIUM,27.5,In Stock,2024/01/05 21:50:49,12,5
3e07a7b3-edeb-4f0b-a99c-742cc332301c,Bashful Luxe Bunny Luna,HUGE,85.0,In Stock,2024/01/05 21:50:51,20,8
3e07a7b3-edeb-4f0b-a99c-742cc332301c,Bashful Luxe Bunny Luna,MEDIUM,35.0,In Stock,2024/01/05 21:50:51,12,5
3397c24d-1281-403d-af4e-bffc37c1b7e0,Bashful Christmas Bunny Decoration,TINY,15.0,In Stock,2024/01/05 21:50:53,5,2
9009d926-299f-49a9-aecb-5192e0cb6024,Merry Mouse Book,ONE SIZE,15.0,In Stock,2024/01/05 21:50:54,7,7
7abfa683-04e0-4b64-bcea-c392174d6c85,Otto’s Snowy Christmas Book,ONE SIZE,15.0,In Stock,2024/01/05 21:50:56,7,9
13c41b42-e6c0-4f61-b4c1-dae888024aca,The Playful Polar Bears Book,ONE SIZE,15.0,In Stock,2024/01/05 21:50:58,8,8
b3d3a433-d906-4414-a302-827551c9e3e3,Mitzi Reindeer’s Dream Book,ONE SIZE,15.0,In Stock,2024/01/05 21:50:59,8,8
bcc41b47-9197-4df0-a482-0afbff3eb4e4,Festive Folly Penguin,ONE SIZE,12.5,In Stock,2024/01/05 21:51:01,4,2
51498ab7-d9f3-445d-9667-901e1861082b,Sofia Reindeer,ONE SIZE,60.0,In Stock,2024/01/05 21:51:03,17,5
7043b616-3a56-48fb-a8ae-6cf99786e7fe,Christmas Grizzo,ONE SIZE,37.5,In Stock,2024/01/05 21:51:04,11,4
de6a7220-1d9e-4b70-b02d-076b6e66fa69,Maurice Macaroni Penguin,ONE SIZE,32.5,In Stock,2024/01/05 21:51:06,8,5
7fa1257f-bd24-48d8-81b0-bc415f297a1c,Merry Mouse,ONE SIZE,27.5,In Stock,2024/01/05 21:51:07,7,4
5fdc3ceb-d530-406b-83ff-ed919e843820,Merry Mouse Present,ONE SIZE,27.5,In Stock,2024/01/05 21:51:09,7,4
12ad4409-0c3e-4ec8-bc1a-0efdf40cee8e,Merry Mouse Skiing,ONE SIZE,37.5,In Stock,2024/01/05 21:51:10,8,5
05e91161-2218-472b-9892-f9576f2b2c37,Winter Warmer Otto Sausage Dog,ONE SIZE,32.5,In Stock,2024/01/05 21:51:12,6,3
8ea3ad4d-a882-4984-ad75-e38c749446e4,Personalised Bashful Luxe Bunny Luna Huge,HUGE,91.0,In Stock,2024/01/05 21:51:14,20,8
5871105d-4bdb-43f2-8925-445cbbf4595b,Personalised Bashful Luxe Bunny Luna Medium,MEDIUM,41.0,In Stock,2024/01/05 21:51:16,12,5
20de03f3-1f9d-4e77-9630-c54abe4a2af6,Winter Warmer Pippa Black Labrador,ONE SIZE,32.5,In Stock,2024/01/05 21:51:17,9,3
c5a9ed52-6614-405a-ab01-9f47b22e9f56,Santa Ricky Rain Frog,ONE SIZE,35.0,In Stock,2024/01/05 21:51:19,6,5
ff4baf43-449e-4e31-9ea7-4f3f6a9fb379,Otto's Snowy Christmas Book & Winter Warmer Otto Sausage Dog,ONE SIZE,47.5,In Stock,2024/01/05 21:51:20,,
77a0b1a1-9cec-4a8b-ba1d-d1ab7d1d6bf7,Amuseabean Bunny,ONE SIZE,20.0,In Stock,2024/01/05 21:51:22,4,4
b8de05f1-4322-4fd0-a58a-39d57c8fa210,Amuseabean Highland Cow,ONE SIZE,20.0,In Stock,2024/01/05 21:51:24,4,4
9637ba6d-e08b-43d9-ba24-13b84d6044f4,Amuseabean Ram,ONE SIZE,20.0,In Stock,2024/01/05 21:51:26,4,4
c31c61ab-f259-4c98-98c1-294a79603f34,Bashful Luxe Bunny Rosa,HUGE,85.0,More on the way,2024/01/05 21:51:28,20,8
c31c61ab-f259-4c98-98c1-294a79603f34,Bashful Luxe Bunny Rosa,MEDIUM,35.0,In Stock,2024/01/05 21:51:28,12,5
f5ccd5f9-68bb-467f-b5c9-e42e8ec6a904,Bashful Sloth,MEDIUM,28.0,In Stock,2024/01/05 21:51:30,11,5
100d6c43-4cab-4fa1-a6f0-f018afa334c4,Bashful Luxe Bunny Willow,HUGE,85.0,In Stock,2024/01/05 21:51:33,20,8
100d6c43-4cab-4fa1-a6f0-f018afa334c4,Bashful Luxe Bunny Willow,MEDIUM,35.0,In Stock,2024/01/05 21:51:33,12,5
daf66f46-a237-44df-8828-3ac78e8cfee4,Birdling Goldfinch,ONE SIZE,17.0,In Stock,2024/01/05 21:51:34,4,3
de0d4789-9252-4868-9407-d970033c02ed,Birdling Swallow,ONE SIZE,17.0,In Stock,2024/01/05 21:51:36,4,3
c8aa6490-7e81-454b-9a43-6c5dcc08dcd1,Blowzy Belle Sheep,ONE SIZE,37.5,In Stock,2024/01/05 21:51:38,16,4
5f55aff8-54b1-4216-9b31-e1547805cee6,Fou Fou Ostrich,ONE SIZE,28.5,In Stock,2024/01/05 21:51:39,8,6
4302a59d-7cba-46cb-af41-f0e75aa3cf83,Fou Fou Peacock,ONE SIZE,28.5,In Stock,2024/01/05 21:51:41,8,6
1a4ad710-064d-4917-84a5-9ddf1c0e2cea,Fuzzkin Monkey,ONE SIZE,25.0,In Stock,2024/01/05 21:51:42,9,4
fecde96f-7c2a-424e-a436-178232f789fd,Ginny Goat,ONE SIZE,35.0,In Stock,2024/01/05 21:51:44,10,6
49f8dd6e-9e26-414f-87bb-ee2de30552b9,Gracie Grouper Fish,ONE SIZE,30.0,In Stock,2024/01/05 21:51:46,4,10
0890eb8b-2c92-4ab8-8345-cc0ac96f7bcb,Hector Fox Terrier,ONE SIZE,35.0,In Stock,2024/01/05 21:51:47,9,4
0c7de178-1d84-4c4b-ba01-b5fac2c60874,Jinx Monster,ONE SIZE,35.0,In Stock,2024/01/05 21:51:49,17,6
ed53bc15-f64b-4f12-a035-85573565505f,Jollipop Cat,ONE SIZE,23.5,In Stock,2024/01/05 21:51:50,8,4
7be12ebb-1f28-4f3f-aecb-37c48c7c777d,Jollipop Puppy,ONE SIZE,23.5,In Stock,2024/01/05 21:51:52,8,4
4d8313f2-af60-4836-bc1f-5b2898888d8e,Bashful Sloth with Personalised Red Jumper,MEDIUM,38.0,In Stock,2024/01/05 21:51:54,11,5
431a7257-35fe-40f2-9065-b64641c53df0,Lavender Dragon,HUGE,120.0,In Stock,2024/01/05 21:51:56,7,26
431a7257-35fe-40f2-9065-b64641c53df0,Lavender Dragon,MEDIUM,65.0,In Stock,2024/01/05 21:51:56,5,20
431a7257-35fe-40f2-9065-b64641c53df0,Lavender Dragon,LITTLE,32.5,In Stock,2024/01/05 21:51:56,3,12
ad2b4b01-20d8-4b74-8def-dab63f90ead3,Lila Ballerina Bunny,ONE SIZE,35.0,In Stock,2024/01/05 21:51:58,13,2
4ba389f3-1db4-4dfb-bb22-c98e4aab68cc,Madison Monkey,ONE SIZE,32.5,In Stock,2024/01/05 21:51:59,13,2
93d9eae3-bd57-4c19-a365-6c45efac6e1d,Ollivander the Orca,ONE SIZE,70.0,In Stock,2024/01/05 21:52:01,9,25
a0ab1afb-d360-4c94-8bfe-760e48e421e5,Oswald Orangutan,ONE SIZE,65.0,In Stock,2024/01/05 21:52:02,13,12
54dce05f-d2fe-4462-80e3-4a71cd8afca6,Personalised Bashful Luxe Bunny Willow Huge,HUGE,91.0,In Stock,2024/01/05 21:52:04,20,8
7da4af1d-466c-4e6c-9bee-be354b8bf2e0,Personalised Bashful Luxe Bunny Rosa Medium,MEDIUM,41.0,In Stock,2024/01/05 21:52:06,12,5
05113044-8fcf-4f22-adf9-9e9fe54b128f,Personalised Bashful Luxe Bunny Willow Medium,MEDIUM,41.0,In Stock,2024/01/05 21:52:08,12,5
2123b6a0-b650-4d4d-9364-658e33bc82f4,Personalised Lavender Dragon Huge,HUGE,126.0,In Stock,2024/01/05 21:52:10,7,26
7c6e8457-6928-419c-8d59-3bd0ac6c4054,Pippa Black Labrador,ONE SIZE,33.0,In Stock,2024/01/05 21:52:11,9,4
64147ef8-f197-4378-bbb8-4e4af6b297cf,Quaxy Elephant,ONE SIZE,35.0,In Stock,2024/01/05 21:52:13,10,6
8cc7dd81-2b16-43c4-8c49-69103cdd7991,Quaxy Pig,ONE SIZE,35.0,In Stock,2024/01/05 21:52:14,10,6
ebc649ef-2942-45e1-85e1-84bc9fc88e73,Ramonda Ostrich,ONE SIZE,40.0,In Stock,2024/01/05 21:52:16,22,6
95bb3f9c-80b2-436c-8b7c-2b3cba1d7627,Rock-a-Bye Kitten,ONE SIZE,30.0,In Stock,2024/01/05 21:52:18,7,4
10bb928c-9834-43c8-8618-e673aa8570e7,Sweetsicle Bunny,ONE SIZE,20.0,In Stock,2024/01/05 21:52:20,6,3
19f5962c-d2af-444f-be53-52ce1f8de7b4,Syd Salamander,ONE SIZE,27.5,In Stock,2024/01/05 21:52:21,10,4
d4f04a83-b6b7-4024-ae10-b53df2d0381f,Bashful Hot Pink Bunny,MEDIUM,28.0,In Stock,2024/01/05 21:52:24,12,5
d4f04a83-b6b7-4024-ae10-b53df2d0381f,Bashful Hot Pink Bunny,SMALL,18.0,In Stock,2024/01/05 21:52:24,7,4
36fe3c1b-a09f-4318-84c9-09c98bb235bd,Bashful Sunshine Bunny,MEDIUM,28.0,In Stock,2024/01/05 21:52:26,12,5
36fe3c1b-a09f-4318-84c9-09c98bb235bd,Bashful Sunshine Bunny,SMALL,18.0,In Stock,2024/01/05 21:52:26,7,4
928169d4-303e-4ccb-9e5b-518fafe527db,Goodnight Bunny Book,ONE SIZE,15.0,In Stock,2024/01/05 21:52:27,7,7
3366d605-798c-4b97-b917-6ba249e7d793,Bluebell Butterfly,ONE SIZE,33.0,In Stock,2024/01/05 21:52:29,8,13
b51cf556-dba1-4464-951b-030fad4afef8,Bonnie Bunny with Egg,ONE SIZE,23.5,In Stock,2024/01/05 21:52:31,6,3
b50ea429-2168-449b-aceb-02e8a0b6e6fc,Burly Boo Sheep,ONE SIZE,25.0,In Stock,2024/01/05 21:52:32,7,5
47307d40-6564-4e6f-97fb-38366baeeac5,Cluny Cockerel,ONE SIZE,35.0,In Stock,2024/01/05 21:52:34,9,5
b6290de6-5f61-43bc-8e84-97638910db9e,Escarfgot Purple,ONE SIZE,20.0,In Stock,2024/01/05 21:52:35,6,3
53b81375-d25e-4332-8f43-9b5436639652,Escarfgot Pink,ONE SIZE,20.0,In Stock,2024/01/05 21:52:37,5,2
959d60b0-70bf-40f0-ac03-91815515168e,Bashful Hot Pink Bunny with Personalised Cream Jumper,MEDIUM,38.0,In Stock,2024/01/05 21:52:39,12,5
63e1ca90-7a44-4380-a401-5aeb551d5e63,Bashful Sunshine Bunny with Personalised Cream Jumper,MEDIUM,38.0,In Stock,2024/01/05 21:52:41,12,5
1e2752ae-619f-4521-9b56-4199a1dea86f,Bashful Hot Pink Bunny with Personalised Navy Jumper,MEDIUM,38.0,In Stock,2024/01/05 21:52:42,12,5
30c66062-eea3-4d23-985f-cc0058362b20,Bashful Sunshine Bunny with Personalised Navy Jumper,MEDIUM,38.0,In Stock,2024/01/05 21:52:44,12,5
bdc5419b-5336-4e3a-92e0-4e177bf7c5f8,Bashful Sunshine Bunny with Personalised Red Jumper,MEDIUM,38.0,In Stock,2024/01/05 21:52:46,12,5
4541f922-8b36-4df9-8b58-b4688e20a8ac,Layla Ladybird,ONE SIZE,25.0,In Stock,2024/01/05 21:52:48,3,6
eb05e7d4-7001-4752-b927-48420b61eeb6,Nesting Bunnies,ONE SIZE,35.0,In Stock,2024/01/05 21:52:49,4,6
01c2a28e-8082-454b-a89d-5f1a8aabebe4,Personalised Bashful Hot Pink Bunny Medium,MEDIUM,34.0,In Stock,2024/01/05 21:52:51,12,5
d5532c37-abe5-450b-81b9-79ae45efa21d,Personalised Bashful Sunshine Bunny Medium,MEDIUM,34.0,In Stock,2024/01/05 21:52:53,12,5
4cab8c47-6f92-4f98-b47f-9ab3dfb078ee,Blossom Heart Blush Bunny,ONE SIZE,17.5,In Stock,2024/01/05 21:52:54,6,3
874f36b1-afbc-4121-b186-7eddb0221539,Blossom Heart Tulip Bunny,ONE SIZE,17.5,In Stock,2024/01/05 21:52:56,6,3
95f48b6b-546a-480a-bb63-176da69d300f,Crowning Croaker Green Frog,ONE SIZE,17.5,In Stock,2024/01/05 21:52:57,5,3
a291fee3-c86b-44da-a5a3-e538b1fdb064,Love-Me Lobster,ONE SIZE,24.0,In Stock,2024/01/05 21:52:59,6,3
0669413a-8ec6-40b6-bdb3-4c2bedef2193,Ambrosie Fox,ONE SIZE,35.0,In Stock,2024/01/05 21:53:01,9,5
7d41d020-b043-406c-a129-4b33f3d5a8ab,Ambrosie Hare,ONE SIZE,35.0,In Stock,2024/01/05 21:53:02,9,4
c7f55d4c-73f0-4d3c-a9c0-e99f87ae99b3,Anoraknid Black Spider,ONE SIZE,20.0,In Stock,2024/01/05 21:53:04,5,4
b1196e4d-6e2f-46e5-90b2-cb8cf2b3c4f7,Andie Axolotl,MEDIUM,32.5,In Stock,2024/01/05 21:53:06,11,5
b1196e4d-6e2f-46e5-90b2-cb8cf2b3c4f7,Andie Axolotl,SMALL,22.0,Out of stock,2024/01/05 21:53:06,7,2
5e0752e9-3daa-42ee-85dc-bed040bcdf75,Bashful Golden Bunny,MEDIUM,28.0,In Stock,2024/01/05 21:53:08,12,5
5e0752e9-3daa-42ee-85dc-bed040bcdf75,Bashful Golden Bunny,SMALL,18.0,In Stock,2024/01/05 21:53:08,7,4
fae009a2-8b59-4067-8aaa-27d949d1d691,Bashful Mineral Blue Bunny,MEDIUM,28.0,In Stock,2024/01/05 21:53:10,12,5
fae009a2-8b59-4067-8aaa-27d949d1d691,Bashful Mineral Blue Bunny,SMALL,18.0,Out of stock,2024/01/05 21:53:10,7,4
5ce3dc9b-07da-4b6b-8d89-81b928316d76,Bashful Wolf,MEDIUM,28.0,In Stock,2024/01/05 21:53:11,12,5
482a13cd-ffb3-4a54-abbe-de752184aee8,Wrapabat Black,ONE SIZE,20.0,In Stock,2024/01/05 21:53:13,6,2
eef8aa7f-a588-4e77-936a-60046ba18a2b,Beatnik Buddy Poodle,ONE SIZE,28.0,In Stock,2024/01/05 21:53:15,11,3
11f91380-3418-44cc-94d3-59e9a6d339c7,Beatnik Buddy Sausage Dog,ONE SIZE,28.0,In Stock,2024/01/05 21:53:16,11,3
ce9992e4-8152-46b7-a9c2-923f181331f5,Daddy Loves Me Book,ONE SIZE,20.0,In Stock,2024/01/05 21:53:18,6,6
d8591e8c-3433-4a81-b553-df56ccd19d12,Mummy Loves Me Book,ONE SIZE,20.0,In Stock,2024/01/05 21:53:19,6,6
380e73d3-c10c-4c42-9fe9-6c130a8c8e9d,Backpack Wolf,ONE SIZE,30.0,In Stock,2024/01/05 21:53:21,9,4
6f85f181-689b-464b-a307-dac78653aca5,Big Spottie Unicorn,ONE SIZE,75.0,In Stock,2024/01/05 21:53:22,17,6
04a820ed-3b97-46e3-8b34-a86209ad2be1,Cozy Crew Seahorse,ONE SIZE,25.0,In Stock,2024/01/05 21:53:24,7,2
01b5b767-4be8-4a6a-a4c9-76887516e2ff,Davey Dilophosaurus,ONE SIZE,32.5,In Stock,2024/01/05 21:53:25,11,5
7887569b-b94e-4a0f-8cb1-a5f11fafd7ac,Delano Dorado Fish,ONE SIZE,27.5,In Stock,2024/01/05 21:53:27,5,10
5c80844d-1479-41cc-8afe-82338487a31d,Evelyn Swan,ONE SIZE,40.0,In Stock,2024/01/05 21:53:28,19,6
ef304c0f-fd18-496f-9de3-24f20b317d6a,Fishiful Blue,ONE SIZE,17.5,In Stock,2024/01/05 21:53:31,5,6
7da606d9-9051-48cb-ad33-e63a5fb3c227,Fishiful Orange,ONE SIZE,17.5,In Stock,2024/01/05 21:53:33,5,6
4cfb31ea-f981-4380-8f82-3c55be607f17,Fishiful Pink,ONE SIZE,17.5,In Stock,2024/01/05 21:53:34,5,6
8a8d7aa6-aff9-429e-b240-806b0214bd18,Forest Fauna Bear,ONE SIZE,32.5,In Stock,2024/01/05 21:53:36,7,6
adeaa5ad-9ef1-4c58-9100-0984932c5caf,Forest Fauna Frog,ONE SIZE,32.5,In Stock,2024/01/05 21:53:37,8,4
eb94c053-4db6-43d6-9f0c-b4d2614978fb,Forest Fauna Owl,ONE SIZE,32.5,In Stock,2024/01/05 21:53:39,7,4
f9e55f82-5fd8-4f96-90c5-c46c08e9ffcf,Freddie Sausage Dog,LARGE,30.0,Out of stock,2024/01/05 21:53:41,7,7
f9e55f82-5fd8-4f96-90c5-c46c08e9ffcf,Freddie Sausage Dog,SMALL,22.0,In Stock,2024/01/05 21:53:41,5,7
f2c684b0-92a3-4f48-a43d-24dd60be7f31,Glamorama Cat,ONE SIZE,40.0,In Stock,2024/01/05 21:53:43,16,4
4f5c2b64-fd25-470a-8848-0104f618927d,Glamorama Pig,ONE SIZE,40.0,In Stock,2024/01/05 21:53:45,11,6
6c123c9b-2a71-458e-bbde-786049b8f30c,Grizzo Gremlin,ONE SIZE,35.0,In Stock,2024/01/05 21:53:46,11,4
04cb8fb6-fdc8-43fe-abe5-3e7136743377,Hamish Hedgehog,ONE SIZE,75.0,In Stock,2024/01/05 21:53:48,8,16
4e56ed34-0dc5-41ad-a845-59d3585ec750,Humphrey the Humpback Whale,ONE SIZE,85.0,In Stock,2024/01/05 21:53:49,8,20
9f824393-18f9-45fe-8a21-091b4fb542ec,Bashful Golden Bunny with Personalised Cream Jumper,MEDIUM,38.0,In Stock,2024/01/05 21:53:51,12,5
2145db8e-9df3-4458-97b0-d39becbe5beb,Bashful Mineral Blue Bunny with Personalised Cream Jumper,MEDIUM,38.0,In Stock,2024/01/05 21:53:53,12,5
839031c6-2ba9-4e15-a829-ae64481921e6,Bashful Golden Bunny with Personalised Navy Jumper,MEDIUM,38.0,In Stock,2024/01/05 21:53:55,12,5
b0976fcd-40ff-4d18-a7c6-fd93c6b01291,Bashful Mineral Blue Bunny with Personalised Navy Jumper,MEDIUM,38.0,In Stock,2024/01/05 21:53:57,12,5
43903639-3b87-4c22-abbd-51736e4e2852,Bashful Golden Bunny with Personalised Red Jumper,MEDIUM,38.0,In Stock,2024/01/05 21:53:59,12,5
6348d2bb-8c79-4d9e-8b3d-6c233a778554,Bashful Mineral Blue Bunny with Personalised Red Jumper,MEDIUM,38.0,In Stock,2024/01/05 21:54:01,12,5
67a48421-1f73-4027-9355-6f6ca34bccb4,Bashful Wolf with Personalised Red Jumper,MEDIUM,38.0,In Stock,2024/01/05 21:54:03,12,5
d35900dd-12be-4906-95e3-759ccef9f9d5,Little Tiger,ONE SIZE,22.0,In Stock,2024/01/05 21:54:05,7,4
78f0ab44-86bf-4985-947f-56deb1f8f4d4,Letty Jellyfish,ONE SIZE,39.5,In Stock,2024/01/05 21:54:06,23,6
44accab2-71e7-434c-9ce0-af0ba742e7e0,Napping Nipper Dog,ONE SIZE,25.0,In Stock,2024/01/05 21:54:08,4,6
30dd7230-bf99-4931-8f4f-b45d2c6e5c72,Nippit Beaver,ONE SIZE,15.0,In Stock,2024/01/05 21:54:09,5,3
20e4c978-1b0f-4c80-8678-a233db574559,Nippit Owl,ONE SIZE,15.0,In Stock,2024/01/05 21:54:11,5,3
1fa7b093-f9c4-4383-9643-f2f4b907c8b2,Oakley Owl,ONE SIZE,32.5,In Stock,2024/01/05 21:54:12,9,5
cc953e94-b0f0-45f9-a851-7011ac15821b,Oberon Owl,ONE SIZE,30.0,In Stock,2024/01/05 21:54:14,10,5
4b0ad95c-1c86-44e0-9e8c-c7cc362141d8,Pongo Orangutan,HUGE,65.0,In Stock,2024/01/05 21:54:16,23,7
6af1781b-e262-4dac-baed-595c4e0063da,Personalised Bashful Golden Bunny Medium,MEDIUM,34.0,In Stock,2024/01/05 21:54:17,12,5
eda92d68-89ba-4bc9-8eba-f7e5e3e827e7,Personalised Bashful Mineral Blue Bunny Medium,MEDIUM,34.0,In Stock,2024/01/05 21:54:19,12,5
3adf2b70-7971-4311-86e7-502460b2fd0b,Pip Monster,SMALL,22.5,In Stock,2024/01/05 21:54:21,9,4
2b514892-4775-425f-88ae-cbfc5de03b57,Rock-a-Bye Mouse,ONE SIZE,30.0,In Stock,2024/01/05 21:54:23,7,4
8b088d31-50eb-4418-885d-b39b6fff1166,Sweater Sausage Dog Pink,ONE SIZE,32.5,In Stock,2024/01/05 21:54:24,6,3
bcd12592-debf-4319-9583-3fa5c03347a4,Sweater Sausage Dog Yellow,ONE SIZE,32.5,In Stock,2024/01/05 21:54:26,6,3
cd54063d-fee5-44cf-b7fe-192e68e1b389,Seraphina Pegasus,ONE SIZE,68.5,In Stock,2024/01/05 21:54:28,9,20
5480be2c-48a4-43ad-a850-c07c10175481,Sigmund Seal,ONE SIZE,50.0,In Stock,2024/01/05 21:54:29,7,13
6fef25a2-c9e8-4804-a188-b811ede52159,Snoozling Hedgehog,ONE SIZE,36.0,In Stock,2024/01/05 21:54:31,11,6
44f04851-822a-482e-85b0-c8c15c70bc0d,Spindleshanks Crab,ONE SIZE,33.0,In Stock,2024/01/05 21:54:32,3,15
20727f0a-e1c1-4451-adda-29428547776a,Splootie Elephant,ONE SIZE,68.0,In Stock,2024/01/05 21:54:34,7,22
d38812a8-59f5-4bde-99b0-acdd2fbf4483,Wee Owl,ONE SIZE,17.5,In Stock,2024/01/05 21:54:35,5,3
6fb62f71-fcfe-4a9e-8c61-a0c5efd118c8,Birdling Robin,ONE SIZE,17.0,In Stock,2024/01/05 21:54:37,4,3
0e4179d7-6506-4480-9dd4-7f9c9ea98065,Shimmer Stocking Bunny,ONE SIZE,28.5,In Stock,2024/01/05 21:54:39,8,4
a34efa7e-8a11-4cd8-b044-287cb257b52f,Ambalie Bear,ONE SIZE,30.0,In Stock,2024/01/05 21:54:40,9,6
4244ddfe-1515-4e61-b743-b0346deedfa4,Ambalie Bunny,ONE SIZE,30.0,In Stock,2024/01/05 21:54:42,9,6
45070a16-4ab1-49f8-84ea-dd9ee390b3f8,Bashful Zebra,MEDIUM,28.0,In Stock,2024/01/05 21:54:43,12,5
116dee67-2a35-40ad-b885-4a734c42a7cf,If I Were An Owl Book,ONE SIZE,13.5,In Stock,2024/01/05 21:54:45,6,6
74b4f10f-80cc-4d7c-a4f4-0502df8d0fe6,Betty Corgi,HUGE,75.0,More on the way,2024/01/05 21:54:47,13,13
74b4f10f-80cc-4d7c-a4f4-0502df8d0fe6,Betty Corgi,MEDIUM,30.0,In Stock,2024/01/05 21:54:47,7,10
b1341296-57c3-43ce-bcdb-259887c82936,Big Spottie Giraffe,ONE SIZE,75.0,In Stock,2024/01/05 21:54:49,19,6
801cf579-8589-45cc-80b0-4ef55693fcdc,Big Spottie T-Rex,ONE SIZE,75.0,In Stock,2024/01/05 21:54:50,18,6
821c2146-9b0c-48e0-a7bf-902a6ce6ca1a,Cruz Crested Newt,ONE SIZE,32.5,In Stock,2024/01/05 21:54:52,12,4
b0fda03e-705c-4521-ae0d-aa877e7eef0c,Cooper Doodle Dog,ONE SIZE,33.0,In Stock,2024/01/05 21:54:53,9,8
5cb36c5f-48e3-4105-b6ef-099ccbc78ce3,Happihoop Owl,ONE SIZE,32.0,In Stock,2024/01/05 21:54:55,8,4
8cc8d9ef-39b4-402f-bd4d-2a3ac03d0b7a,Harper Pup,ONE SIZE,55.0,In Stock,2024/01/05 21:54:56,15,9
5049f3e6-c981-4e32-868c-0a6039da9827,Hibernating Bunny,ONE SIZE,22.0,In Stock,2024/01/05 21:54:58,5,5
caf05ec8-679a-45bb-860f-65b409340aa4,Higgledy Piggledy Old Spot,REALLY BIG,175.0,In Stock,2024/01/05 21:55:00,17,22
caf05ec8-679a-45bb-860f-65b409340aa4,Higgledy Piggledy Old Spot,HUGE,130.0,In Stock,2024/01/05 21:55:00,13,16
caf05ec8-679a-45bb-860f-65b409340aa4,Higgledy Piggledy Old Spot,SMALL,22.0,Returning to stock next week,2024/01/05 21:55:00,4,6
deec623d-003e-4e91-b65b-092416a9f98a,Huddles Bunny,ONE SIZE,45.0,In Stock,2024/01/05 21:55:02,9,6
141d0faa-4c5f-4f02-b470-5a5a89088ffc,Huddles Duck,ONE SIZE,45.0,In Stock,2024/01/05 21:55:03,9,6
9b2465c6-c80a-4744-8d0a-a3e1dd9eac5e,Jubjub Gookie,ONE SIZE,30.0,In Stock,2024/01/05 21:55:05,9,4
c9f6d68c-3372-4a80-b841-4de1950cbf95,Mack Mudskipper,ONE SIZE,28.5,In Stock,2024/01/05 21:55:07,10,4
115e9ac5-d6ee-4ad2-9465-85c2e97d563e,Obbie Octopus,ONE SIZE,40.0,In Stock,2024/01/05 21:55:09,11,10
a4e8e39c-5ed9-404e-b30d-ad275104f479,Orson Horse,ONE SIZE,35.0,In Stock,2024/01/05 21:55:10,14,5
4b9ec49a-e3a5-425b-87b0-4eb22a3926dc,Peek-a-Boo Elly Activity Toy,ONE SIZE,32.0,In Stock,2024/01/05 21:55:12,6,5
165902d3-d244-4ae1-8027-0349fd22777a,Penny Praying Mantis,ONE SIZE,32.5,In Stock,2024/01/05 21:55:13,9,8
dd411d9c-6946-4727-b95b-318288a00947,Ribble Dog,ONE SIZE,30.0,In Stock,2024/01/05 21:55:15,14,4
c83edd93-382b-4c88-ba48-be8fc8f31d1c,Ribble Elephant,ONE SIZE,30.0,In Stock,2024/01/05 21:55:17,15,4
aec0b80f-8d84-4960-b2dd-05b11d8b18a8,Ribble Giraffe,ONE SIZE,30.0,In Stock,2024/01/05 21:55:18,16,4
0f4ff2a7-5502-4ebe-8887-57757cf94ef9,Rose Dragon,HUGE,120.0,In Stock,2024/01/05 21:55:21,7,26
0f4ff2a7-5502-4ebe-8887-57757cf94ef9,Rose Dragon,MEDIUM,65.0,In Stock,2024/01/05 21:55:21,5,20
0f4ff2a7-5502-4ebe-8887-57757cf94ef9,Rose Dragon,LITTLE,32.5,In Stock,2024/01/05 21:55:21,3,12
1449b573-25cc-4dd2-8fbd-011494659e7d,Ricky Rain Frog,LARGE,60.0,In Stock,2024/01/05 21:55:23,10,12
1449b573-25cc-4dd2-8fbd-011494659e7d,Ricky Rain Frog,MEDIUM,28.0,More on the way,2024/01/05 21:55:23,5,7
b5a21cea-1dc8-467c-9ebe-de5749a07e54,Rufus Bear,LARGE,45.0,In Stock,2024/01/05 21:55:24,15,5
b5a21cea-1dc8-467c-9ebe-de5749a07e54,Rufus Bear,MEDIUM,27.5,In Stock,2024/01/05 21:55:24,11,4
29945121-90d9-457c-87fc-9fcaea994785,Snuggler Puppy,ONE SIZE,25.0,In Stock,2024/01/05 21:55:26,9,5
80e443c6-d3aa-4e0b-9cd7-b7572bb6e1b2,Taylor Tiger,LARGE,80.0,More on the way,2024/01/05 21:55:28,6,18
80e443c6-d3aa-4e0b-9cd7-b7572bb6e1b2,Taylor Tiger,LITTLE,35.0,In Stock,2024/01/05 21:55:28,3,11
a8d938e9-23c5-4d85-bf61-f1d53cd218b4,Willow Hedgehog,ONE SIZE,23.5,In Stock,2024/01/05 21:55:30,7,4
224ba04b-fe27-4e33-952f-9aee712a6a23,Wriggidig Ant,ONE SIZE,23.5,In Stock,2024/01/05 21:55:32,5,6
9d9f9864-f56e-4440-a50b-860da82f3f3d,Wriggidig Bug,ONE SIZE,23.5,In Stock,2024/01/05 21:55:34,7,2
d877af6e-3239-4c1c-8fb5-aef4fc0dcc05,Bashful Lilac Bunny,MEDIUM,28.0,In Stock,2024/01/05 21:55:37,12,5
d877af6e-3239-4c1c-8fb5-aef4fc0dcc05,Bashful Lilac Bunny,SMALL,18.0,Out of stock,2024/01/05 21:55:37,7,4
96842f14-eaa8-44fb-aa51-27015f41ab72,Bashful Petal Bunny,MEDIUM,28.0,In Stock,2024/01/05 21:55:40,12,5
96842f14-eaa8-44fb-aa51-27015f41ab72,Bashful Petal Bunny,SMALL,18.0,More on the way,2024/01/05 21:55:40,7,4
36dd31c7-0e1a-4f2e-a5cc-dd019dfc776b,Bashful Fudge Bunny,MEDIUM,28.0,More on the way,2024/01/05 21:55:43,12,5
36dd31c7-0e1a-4f2e-a5cc-dd019dfc776b,Bashful Fudge Bunny,SMALL,18.0,In Stock,2024/01/05 21:55:43,7,4
81da2222-ff6b-401b-bc18-e88f022b32a5,Who Can I Find Book,ONE SIZE,15.0,In Stock,2024/01/05 21:55:45,7,7
3f33edeb-4fd5-4bca-83ac-18ed64083f01,Blossom Sage Bunny,MEDIUM,28.0,In Stock,2024/01/05 21:55:47,12,5
3f33edeb-4fd5-4bca-83ac-18ed64083f01,Blossom Sage Bunny,SMALL,18.0,More on the way,2024/01/05 21:55:47,7,4
25ead88c-5319-4d66-9a12-5497f9b42807,Blossom Jasmine Bunny,MEDIUM,28.0,In Stock,2024/01/05 21:55:50,12,5
25ead88c-5319-4d66-9a12-5497f9b42807,Blossom Jasmine Bunny,SMALL,18.0,Returning to stock 2-3 months,2024/01/05 21:55:50,7,4
3b310db9-2eca-443b-86cd-0a388eb517c7,Bashful Lilac Bunny with Personalised Cream Jumper,MEDIUM,38.0,In Stock,2024/01/05 21:55:53,12,5
c52f6c75-ea4a-48f1-8443-947e00a65b15,Bashful Petal Bunny with Personalised Cream Jumper,MEDIUM,38.0,In Stock,2024/01/05 21:55:56,12,5
69a26892-1dbf-4127-bd09-9edf5fb55f71,Blossom Sage Bunny with Personalised Cream Jumper,MEDIUM,38.0,In Stock,2024/01/05 21:55:58,12,5
bd753d04-e245-4ff4-b5f3-0039aaf3d68e,Blossom Jasmine Bunny with Personalised Cream Jumper,MEDIUM,38.0,In Stock,2024/01/05 21:56:00,12,5
d78bb27d-e738-430b-a5ab-3d59aeecb6fb,Bashful Lilac Bunny with Personalised Navy Jumper,MEDIUM,38.0,In Stock,2024/01/05 21:56:02,12,5
3eb53884-bc82-4fd4-9d35-89551287a117,Bashful Petal Bunny with Personalised Navy Jumper,MEDIUM,38.0,In Stock,2024/01/05 21:56:04,12,5
4af07289-da74-41ed-93ca-7fc9d000d2f7,Blossom Sage Bunny with Personalised Navy Jumper,MEDIUM,38.0,In Stock,2024/01/05 21:56:07,12,5
fffcf4b5-2a8f-40c6-898a-75d468a6a61a,Blossom Jasmine Bunny with Personalised Navy Jumper,MEDIUM,38.0,In Stock,2024/01/05 21:56:09,12,5
f74aa2ce-08dd-448d-bd70-b0c95a06d6aa,Bashful Lilac Bunny with Personalised Red Jumper,MEDIUM,38.0,In Stock,2024/01/05 21:56:12,12,5
587f83ba-aa36-41a1-9294-19c0defc9bac,Bashful Petal Bunny with Personalised Red Jumper,MEDIUM,38.0,In Stock,2024/01/05 21:56:14,12,5
d63bb906-d88f-41a3-ab53-fe304ea3d740,Blossom Sage Bunny with Personalised Red Jumper,MEDIUM,38.0,In Stock,2024/01/05 21:56:16,12,5
64e3acc0-0448-4d77-b2ab-34c8f6123da9,Blossom Jasmine Bunny with Personalised Red Jumper,MEDIUM,38.0,In Stock,2024/01/05 21:56:18,12,5
f025b848-9ba0-481f-8666-4af6a31e4d80,Personalised Bashful Lilac Bunny Medium,MEDIUM,34.0,In Stock,2024/01/05 21:56:21,12,5
77d6bca1-3299-41fa-be31-c59ee5a2f830,Personalised Bashful Petal Bunny Medium,MEDIUM,34.0,In Stock,2024/01/05 21:56:23,12,5
847711a2-3455-4182-9eff-7b28965d6662,Alice Axolotl,MEDIUM,32.5,In Stock,2024/01/05 21:56:26,11,5
847711a2-3455-4182-9eff-7b28965d6662,Alice Axolotl,SMALL,22.0,In Stock,2024/01/05 21:56:26,7,2
387fb991-a17a-4079-b1ad-c585006fb0bb,Bashful Shimmer Bunny,MEDIUM,28.0,In Stock,2024/01/05 21:56:29,12,5
387fb991-a17a-4079-b1ad-c585006fb0bb,Bashful Shimmer Bunny,SMALL,18.0,In Stock,2024/01/05 21:56:29,7,4
14b5b3b7-c43c-4556-a5ed-8e8ab2d37dba,If I Were A Pony Book,ONE SIZE,13.5,In Stock,2024/01/05 21:56:32,6,6
9e8bd676-fb05-4526-9d1c-c569fd203386,Blossom Bea Beige Bunny Comforter,ONE SIZE,17.0,In Stock,2024/01/05 21:56:34,10,9
0083c05b-a9ab-4563-9839-f3c4d6284f0f,Cozy Crew Octopus,ONE SIZE,25.0,In Stock,2024/01/05 21:56:36,8,4
46b3042b-af88-4aa6-a36b-14b064c16c6e,Fossilly Stegosaurus,MEDIUM,38.0,In Stock,2024/01/05 21:56:38,6,5
46b3042b-af88-4aa6-a36b-14b064c16c6e,Fossilly Stegosaurus,SMALL,15.0,More on the way,2024/01/05 21:56:38,3,2
b512ed63-ffbb-4e35-a544-2e5138df6fe1,Fuddlewuddle Lion Soother,ONE SIZE,25.0,In Stock,2024/01/05 21:56:41,13,13
1fe7389d-6a70-4ce8-8b2c-58dcae8f17f9,Bashful Shimmer Bunny with Personalised Cream Jumper,MEDIUM,38.0,In Stock,2024/01/05 21:56:43,12,5
5ac0821f-0029-486d-b52f-edbfb2090995,Bashful Shimmer Bunny with Personalised Navy Jumper,MEDIUM,38.0,In Stock,2024/01/05 21:56:45,12,5
b8da6a51-04b1-483b-93d4-32d411ed0ac8,Bashful Shimmer Bunny with Personalised Red Jumper,MEDIUM,38.0,In Stock,2024/01/05 21:56:47,12,5
bcb42a33-b294-4c0d-8a91-544c1ae3cd5e,Lingley Bunny Soother,ONE SIZE,20.0,In Stock,2024/01/05 21:56:49,11,7
06dc0ee5-e26b-4f0d-a9e1-d62184b4b9aa,Lingley Elephant Soother,ONE SIZE,20.0,In Stock,2024/01/05 21:56:51,11,7
dd0b6142-7db7-400a-9768-d1cebdf57d9f,Tartan Lottie Bunny,ONE SIZE,27.5,In Stock,2024/01/05 21:56:52,11,4
9a712c68-d9d4-45bb-949f-3a4308e36b43,Onyx Dragon,HUGE,120.0,Out of stock,2024/01/05 21:56:54,7,26
9a712c68-d9d4-45bb-949f-3a4308e36b43,Onyx Dragon,MEDIUM,65.0,In Stock,2024/01/05 21:56:54,5,20
9a712c68-d9d4-45bb-949f-3a4308e36b43,Onyx Dragon,LITTLE,32.5,More on the way,2024/01/05 21:56:54,3,12
5d40cf9a-89b2-440a-8b59-70baecb899c6,Personalised Bashful Shimmer Bunny Medium,MEDIUM,34.0,In Stock,2024/01/05 21:56:56,12,5
25068e48-395f-452a-84cf-2cfd6d008a3e,Personalised Fuddlewuddle Lion Soother,ONE SIZE,31.0,In Stock,2024/01/05 21:56:58,13,13
d524928e-89a9-48db-a0bc-75a8aff2e403,Personalised Snow Dragon Huge,HUGE,126.0,In Stock,2024/01/05 21:57:00,7,26
d1f640e9-259b-4bc8-8f60-aff60b571b4d,Rumpletum Lion,ONE SIZE,40.0,In Stock,2024/01/05 21:57:02,11,8
9ce8c7c2-5e38-4e35-8bc5-c744c104eb5f,Snuggler Cat,ONE SIZE,25.0,In Stock,2024/01/05 21:57:04,9,5
0fef6746-48e6-4443-aa13-e650a6c0dd9a,Cordy Roy Baby Bunny Soother,ONE SIZE,23.0,In Stock,2024/01/05 21:57:06,11,9
d10c5189-20bf-469d-afcf-53292a795cdb,Cordy Roy Baby Lion Soother,ONE SIZE,23.0,In Stock,2024/01/05 21:57:07,11,9
8eed615c-a556-425e-8c18-2b307967e16f,Bashful Tiger,HUGE,80.0,In Stock,2024/01/05 21:57:10,20,8
8eed615c-a556-425e-8c18-2b307967e16f,Bashful Tiger,MEDIUM,28.0,More on the way,2024/01/05 21:57:10,12,5
8eed615c-a556-425e-8c18-2b307967e16f,Bashful Tiger,SMALL,18.0,In Stock,2024/01/05 21:57:10,7,4
77cba2a6-f076-4267-b9f3-198845a62c1b,Bashful Cerise Bunny,MEDIUM,28.0,Out of stock,2024/01/05 21:57:12,12,5
77cba2a6-f076-4267-b9f3-198845a62c1b,Bashful Cerise Bunny,SMALL,18.0,In Stock,2024/01/05 21:57:12,7,4
45bee5ed-9124-4a46-a83e-a3dea92dd4ef,Beatrice Butterfly,LARGE,33.0,In Stock,2024/01/05 21:57:14,8,13
2bbb4016-400e-40e7-990d-c37b73cdff2c,Little Me Book,ONE SIZE,15.0,In Stock,2024/01/05 21:57:15,8,8
1af68dff-42d1-4dc0-bc7d-7829c09bd6d9,Blossom Dusky Blue Bunny,MEDIUM,28.0,In Stock,2024/01/05 21:57:17,12,5
1af68dff-42d1-4dc0-bc7d-7829c09bd6d9,Blossom Dusky Blue Bunny,SMALL,18.0,Out of stock,2024/01/05 21:57:17,7,4
fe5b46f2-f0a4-4422-aead-cf577d2babd8,Blossom Bea Beige Bunny,MEDIUM,28.0,In Stock,2024/01/05 21:57:19,12,5
fe5b46f2-f0a4-4422-aead-cf577d2babd8,Blossom Bea Beige Bunny,SMALL,18.0,Returning to stock 2-3 months,2024/01/05 21:57:19,7,4
89a62b5e-138d-4e82-96e3-763a8df0ff6e,Fossilly T-Rex,MEDIUM,38.0,In Stock,2024/01/05 21:57:22,11,6
89a62b5e-138d-4e82-96e3-763a8df0ff6e,Fossilly T-Rex,SMALL,15.0,More on the way,2024/01/05 21:57:22,5,3
21f8a025-07b3-4e3a-8621-7233dc96d59f,Bashful Dusky Blue Bunny with Personalised Cream Jumper,MEDIUM,38.0,In Stock,2024/01/05 21:57:24,12,5
aedff5d3-e9f1-4806-9b28-69c58d3ab947,Bashful Tiger with Personalised Cream Jumper,MEDIUM,38.0,In Stock,2024/01/05 21:57:26,12,5
221ba633-8dc2-48cb-ad5a-e7b0479aa955,Blossom Dusky Blue with Personalised Cream Jumper,MEDIUM,38.0,In Stock,2024/01/05 21:57:28,12,5
ae47bb23-46b2-414f-b9de-13cfa6415d87,Blossom Bea Beige Bunny with Personalised Cream Jumper,MEDIUM,38.0,In Stock,2024/01/05 21:57:30,12,5
f332d9bb-6f4c-48aa-83b7-21c831a6b824,Bashful Dusky Blue Bunny with Personalised Navy Jumper,MEDIUM,38.0,In Stock,2024/01/05 21:57:32,12,5
a6ddeb95-cf24-4e54-bfab-3c96fc4f2c46,Bashful Tiger with Personalised Navy Jumper,MEDIUM,38.0,In Stock,2024/01/05 21:57:34,12,5
ad42417d-ca3b-4221-9735-772baba46693,Blossom Dusky Blue with Personalised Navy Jumper,MEDIUM,38.0,In Stock,2024/01/05 21:57:36,12,5
29129045-9418-4e28-87d0-791f8e88dfda,Blossom Bea Beige Bunny with Personalised Navy Jumper,MEDIUM,38.0,In Stock,2024/01/05 21:57:38,12,5
8f8994f0-9de3-42f3-9c8a-d71fa70f63e4,Bashful Dusky Blue Bunny with Personalised Red Jumper,MEDIUM,38.0,In Stock,2024/01/05 21:57:40,12,5
47b244ce-6de4-439c-84bd-e990ac5d5022,Bashful Tiger with Personalised Red Jumper,MEDIUM,38.0,In Stock,2024/01/05 21:57:42,12,5
7086b50d-d7db-4698-b9ba-ab8e949242cf,Blossom Dusky Blue Bunny with Personalised Red Jumper,MEDIUM,38.0,In Stock,2024/01/05 21:57:44,12,5
700c75ca-a511-4ace-a420-e03c6bda4efb,Blossom Bea Beige Bunny with Personalised Red Jumper,MEDIUM,38.0,In Stock,2024/01/05 21:57:46,12,5
efe2aced-3185-479b-a7bb-03790379c855,Odyssey Octopus,REALLY BIG,130.0,More on the way,2024/01/05 21:57:51,30,12
efe2aced-3185-479b-a7bb-03790379c855,Odyssey Octopus,HUGE,68.5,Out of stock,2024/01/05 21:57:51,21,9
efe2aced-3185-479b-a7bb-03790379c855,Odyssey Octopus,LARGE,53.0,More on the way,2024/01/05 21:57:51,19,7
efe2aced-3185-479b-a7bb-03790379c855,Odyssey Octopus,LITTLE,30.0,In Stock,2024/01/05 21:57:51,9,4
efe2aced-3185-479b-a7bb-03790379c855,Odyssey Octopus,TINY,18.0,In Stock,2024/01/05 21:57:51,6,3
a90ad88c-dbe4-4277-8a65-f3f112cc4050,Sage Dragon,HUGE,120.0,More on the way,2024/01/05 21:57:54,7,26
a90ad88c-dbe4-4277-8a65-f3f112cc4050,Sage Dragon,MEDIUM,65.0,Returning to stock 2-3 months,2024/01/05 21:57:54,5,20
a90ad88c-dbe4-4277-8a65-f3f112cc4050,Sage Dragon,LITTLE,32.5,In Stock,2024/01/05 21:57:54,3,12
7119051c-a493-47ae-9914-5783747ccb6b,Sienna Seahorse,MEDIUM,30.0,More on the way,2024/01/05 21:57:55,11,4
7119051c-a493-47ae-9914-5783747ccb6b,Sienna Seahorse,SMALL,20.0,In Stock,2024/01/05 21:57:55,7,2
0023b7d6-b008-4d08-a1b6-a106ce595287,Bashful Plum Bunny,HUGE,80.0,Out of stock,2024/01/05 21:57:58,20,8
0023b7d6-b008-4d08-a1b6-a106ce595287,Bashful Plum Bunny,MEDIUM,25.0,Out of stock,2024/01/05 21:57:58,12,5
0023b7d6-b008-4d08-a1b6-a106ce595287,Bashful Plum Bunny,SMALL,18.0,In Stock,2024/01/05 21:57:58,7,4
edb7a0cc-161b-42c7-9c25-215610d3b44b,Fossilly Brontosaurus,MEDIUM,38.0,In Stock,2024/01/05 21:58:00,10,5
edb7a0cc-161b-42c7-9c25-215610d3b44b,Fossilly Brontosaurus,SMALL,15.0,More on the way,2024/01/05 21:58:00,3,2
1475278a-4a27-46c7-a30f-c601d68dd791,Fossilly Triceratops,MEDIUM,38.0,In Stock,2024/01/05 21:58:02,7,4
1475278a-4a27-46c7-a30f-c601d68dd791,Fossilly Triceratops,SMALL,15.0,Out of stock,2024/01/05 21:58:02,4,2
89992275-1b54-42bf-846a-3d99f5144cd1,Snow Dragon,HUGE,120.0,In Stock,2024/01/05 21:58:04,7,26
89992275-1b54-42bf-846a-3d99f5144cd1,Snow Dragon,MEDIUM,65.0,In Stock,2024/01/05 21:58:04,5,20
89992275-1b54-42bf-846a-3d99f5144cd1,Snow Dragon,LITTLE,32.5,In Stock,2024/01/05 21:58:04,3,12
e27885cd-6e68-4a66-86ae-23104799fb81,Blossom Blush Bunny,LARGE,43.0,Out of stock,2024/01/05 21:58:06,14,6
e27885cd-6e68-4a66-86ae-23104799fb81,Blossom Blush Bunny,MEDIUM,28.0,In Stock,2024/01/05 21:58:06,12,5
e27885cd-6e68-4a66-86ae-23104799fb81,Blossom Blush Bunny,SMALL,18.0,In Stock,2024/01/05 21:58:06,7,4
ca635a07-b26d-4b92-9a1d-cbe9de6d9a19,Blossom Blush Bunny with Personalised Cream Jumper,MEDIUM,38.0,In Stock,2024/01/05 21:58:08,12,5
c3add035-1694-4401-bd53-11287202c873,Blossom Blush Bunny with Personalised Navy Jumper,MEDIUM,38.0,In Stock,2024/01/05 21:58:10,12,5
a34ffec2-bcc8-4cd6-9d81-f1e4d3b4df28,Blossom Blush Bunny with Personalised Red Jumper,MEDIUM,38.0,In Stock,2024/01/05 21:58:12,12,5
0824b03b-1713-48e1-a284-49f940031fd1,Personalised Odell Octopus Soother,ONE SIZE,31.0,In Stock,2024/01/05 21:58:14,13,13
8709735e-f7e2-4a06-8054-2d8eeba956a5,Wiley Whale,HUGE,90.0,In Stock,2024/01/05 21:58:16,8,31
8709735e-f7e2-4a06-8054-2d8eeba956a5,Wiley Whale,LARGE,53.0,In Stock,2024/01/05 21:58:16,7,20
42e53571-a85f-42c9-987c-7b53ab3eb094,Bailey Sloth,MEDIUM,35.0,In Stock,2024/01/05 21:58:18,16,3
42e53571-a85f-42c9-987c-7b53ab3eb094,Bailey Sloth,SMALL,28.0,Out of stock,2024/01/05 21:58:18,13,2
f6206ea8-fb43-4a55-af5a-8a94fd11e945,Storm Octopus,LARGE,53.0,In Stock,2024/01/05 21:58:20,19,7
f6206ea8-fb43-4a55-af5a-8a94fd11e945,Storm Octopus,LITTLE,30.0,Returning to stock 3-4 weeks,2024/01/05 21:58:20,9,4
f6206ea8-fb43-4a55-af5a-8a94fd11e945,Storm Octopus,TINY,18.0,More on the way,2024/01/05 21:58:20,6,3
a1315413-7ba2-4e39-bc9b-3c7932b62c28,Bashful Dragon,VERY BIG,275.0,In Stock,2024/01/05 21:58:25,43,18
a1315413-7ba2-4e39-bc9b-3c7932b62c28,Bashful Dragon,REALLY BIG,125.0,More on the way,2024/01/05 21:58:25,26,12
a1315413-7ba2-4e39-bc9b-3c7932b62c28,Bashful Dragon,HUGE,69.5,Out of stock,2024/01/05 21:58:25,20,8
a1315413-7ba2-4e39-bc9b-3c7932b62c28,Bashful Dragon,MEDIUM,28.0,More on the way,2024/01/05 21:58:25,12,5
a1315413-7ba2-4e39-bc9b-3c7932b62c28,Bashful Dragon,SMALL,18.0,More on the way,2024/01/05 21:58:25,7,4
a11e680a-cf06-4bd8-8315-f7d79ab5c5ea,Bashful Dino,VERY BIG,275.0,In Stock,2024/01/05 21:58:30,43,18
a11e680a-cf06-4bd8-8315-f7d79ab5c5ea,Bashful Dino,REALLY BIG,125.0,In Stock,2024/01/05 21:58:30,26,12
a11e680a-cf06-4bd8-8315-f7d79ab5c5ea,Bashful Dino,HUGE,80.0,In Stock,2024/01/05 21:58:30,20,8
a11e680a-cf06-4bd8-8315-f7d79ab5c5ea,Bashful Dino,MEDIUM,28.0,In Stock,2024/01/05 21:58:30,12,5
a11e680a-cf06-4bd8-8315-f7d79ab5c5ea,Bashful Dino,SMALL,18.0,More on the way,2024/01/05 21:58:30,7,4
f03fa7f9-a6e4-4d6d-a4f1-791f0aa3e17f,Bashful Turtle,MEDIUM,28.0,Returning to stock 2-3 months,2024/01/05 21:58:32,12,5
f03fa7f9-a6e4-4d6d-a4f1-791f0aa3e17f,Bashful Turtle,SMALL,18.0,In Stock,2024/01/05 21:58:32,7,4
5caacd38-7635-41c3-bf62-7dcb4443c417,Elly Ballerina Book,ONE SIZE,15.0,In Stock,2024/01/05 21:58:33,12,
f35b29fe-e40a-4059-b6a4-4e5907e5ba83,Livi Leopard,LARGE,80.0,In Stock,2024/01/05 21:58:35,5,18
f35b29fe-e40a-4059-b6a4-4e5907e5ba83,Livi Leopard,LITTLE,35.0,Out of stock,2024/01/05 21:58:35,3,11
e9f40f52-3053-449b-8f96-080e301357d2,If I Were A Lamb Book and Bashful Lamb,SMALL,31.5,In Stock,2024/01/05 21:58:37,,
7d36ee8a-1e24-45a9-a0d5-7c98bacd2e18,Smudge Puppy,MEDIUM,35.0,In Stock,2024/01/05 21:58:39,9,5
a5355d28-a8da-4fd5-831c-754c9f202bc6,Bashful Navy Bunny,MEDIUM,28.0,In Stock,2024/01/05 21:58:41,12,5
a5355d28-a8da-4fd5-831c-754c9f202bc6,Bashful Navy Bunny,SMALL,18.0,Out of stock,2024/01/05 21:58:41,7,4
ab13e69c-c5ab-4ce6-9739-4775edba15f0,Bashful Navy Bunny with Personalised Cream Jumper,MEDIUM,38.0,In Stock,2024/01/05 21:58:43,12,5
5ab47a08-4d39-4a3c-9aa5-020ee7a00cbe,Bashful Navy Bunny with Personalised Red Jumper,MEDIUM,38.0,In Stock,2024/01/05 21:58:45,12,5
23f8b69b-c2f8-4fa5-bb28-c87d31809c22,Percy Penguin,LARGE,40.0,More on the way,2024/01/05 21:58:48,14,6
23f8b69b-c2f8-4fa5-bb28-c87d31809c22,Percy Penguin,LITTLE,27.5,In Stock,2024/01/05 21:58:48,9,4
23f8b69b-c2f8-4fa5-bb28-c87d31809c22,Percy Penguin,TINY,18.0,More on the way,2024/01/05 21:58:48,6,3
580cd49d-300b-439a-a9b1-65fdba702bd7,Personalised Bashful Navy Bunny Medium,MEDIUM,34.0,In Stock,2024/01/05 21:58:50,12,5
dd085165-c995-499a-a4e0-de2dfad680ea,Sacha Snow Tiger,REALLY BIG,200.0,In Stock,2024/01/05 21:58:52,9,29
dd085165-c995-499a-a4e0-de2dfad680ea,Sacha Snow Tiger,LARGE,80.0,More on the way,2024/01/05 21:58:52,5,18
0f8efeb3-f292-43f7-a924-02b7ec739c0d,Bashful Blush Bunny,HUGE,80.0,Out of stock,2024/01/05 21:58:54,20,8
0f8efeb3-f292-43f7-a924-02b7ec739c0d,Bashful Blush Bunny,MEDIUM,28.0,More on the way,2024/01/05 21:58:54,12,5
0f8efeb3-f292-43f7-a924-02b7ec739c0d,Bashful Blush Bunny,SMALL,18.0,In Stock,2024/01/05 21:58:54,7,4
6c2f795b-64d6-4cc9-918e-e4f731a9c5b3,Bashful Giraffe,MEDIUM,28.0,In Stock,2024/01/05 21:58:56,12,5
6c2f795b-64d6-4cc9-918e-e4f731a9c5b3,Bashful Giraffe,SMALL,18.0,Returning to stock 3-4 weeks,2024/01/05 21:58:56,7,4
6fac0ca3-5fd1-4ce8-bb7b-f43a52bbade6,Bashful Lamb,MEDIUM,28.0,More on the way,2024/01/05 21:58:58,12,5
6fac0ca3-5fd1-4ce8-bb7b-f43a52bbade6,Bashful Lamb,SMALL,18.0,In Stock,2024/01/05 21:58:58,7,4
1e774e82-7d40-489a-9f95-b130bafb947b,My Friend Bunny Book,ONE SIZE,15.0,In Stock,2024/01/05 21:59:00,9,9
282c80ab-36ec-4b72-9d41-71ee51c91cbf,Bashful Beige Bunny Blanket,ONE SIZE,45.0,In Stock,2024/01/05 21:59:02,40,30
88f47fab-522c-4d35-a613-d4b0157ee936,Bashful Blue Bunny Blanket,ONE SIZE,45.0,In Stock,2024/01/05 21:59:03,40,30
22948072-94ba-48f4-ab04-3fd9f26bf73a,Bashful Pink Bunny Blanket,ONE SIZE,45.0,In Stock,2024/01/05 21:59:05,40,30
9c93c1ce-08e9-47a0-b5a2-b827c4718222,Harry Panda Cub,HUGE,120.0,Out of stock,2024/01/05 21:59:10,20,10
9c93c1ce-08e9-47a0-b5a2-b827c4718222,Harry Panda Cub,LARGE,65.0,More on the way,2024/01/05 21:59:10,15,8
9c93c1ce-08e9-47a0-b5a2-b827c4718222,Harry Panda Cub,MEDIUM,35.0,In Stock,2024/01/05 21:59:10,11,6
9c93c1ce-08e9-47a0-b5a2-b827c4718222,Harry Panda Cub,TINY,13.0,Out of stock,2024/01/05 21:59:10,5,3
c88bc28b-0ee9-480d-8ad6-01aad5b78cf1,Bashful Giraffe with Personalised Cream Jumper,MEDIUM,38.0,In Stock,2024/01/05 21:59:12,12,5
d50e69d9-a6fc-4761-83fb-bc095f56ea1d,Bashful Giraffe with Personalised Navy Jumper,MEDIUM,38.0,In Stock,2024/01/05 21:59:14,12,5
093ae0b5-18a3-4ae6-a797-0e57d73cbe2c,Bashful Giraffe with Personalised Red Jumper,MEDIUM,38.0,In Stock,2024/01/05 21:59:16,12,5
8c019f73-3ee4-4e84-a607-0b51d9d49e64,Bashful Lamb with Personalied Red Jumper,MEDIUM,38.0,In Stock,2024/01/05 21:59:18,12,5
24a77649-4273-4360-a7d2-96050b22986d,Larry Lobster,MEDIUM,33.0,In Stock,2024/01/05 21:59:20,11,4
24a77649-4273-4360-a7d2-96050b22986d,Larry Lobster,SMALL,25.0,Returning to stock 2-3 months,2024/01/05 21:59:20,8,3
5c8f4e68-f9d7-411f-890c-34585059383a,Bashful Truffle Bunny,MEDIUM,28.0,In Stock,2024/01/05 21:59:22,12,5
5c8f4e68-f9d7-411f-890c-34585059383a,Bashful Truffle Bunny,SMALL,18.0,Out of stock,2024/01/05 21:59:22,7,4
32eafa6c-c72c-4190-a093-6eac59ce6357,Colin Chameleon,ONE SIZE,29.0,In Stock,2024/01/05 21:59:24,11,4
874c4738-e0a3-42a0-a5e2-f6dc0595bb68,Bashful Truffle Bunny with Personalised Cream Jumper,MEDIUM,38.0,In Stock,2024/01/05 21:59:26,12,5
ae1ee893-e305-4c54-8daa-f302d9ac9401,Bashful Truffle Bunny with Personalised Navy Jumper,MEDIUM,38.0,In Stock,2024/01/05 21:59:29,12,5
7698e9dd-57fe-4f22-9466-b372901f1f19,Bashful Truffle Bunny with Personalised Red Jumper,MEDIUM,38.0,In Stock,2024/01/05 21:59:31,12,5
bce6d9aa-7737-414a-8d0d-6058d3b524c5,Bashful Fox Cub,HUGE,80.0,In Stock,2024/01/05 21:59:33,20,8
bce6d9aa-7737-414a-8d0d-6058d3b524c5,Bashful Fox Cub,MEDIUM,28.0,More on the way,2024/01/05 21:59:33,12,5
bce6d9aa-7737-414a-8d0d-6058d3b524c5,Bashful Fox Cub,SMALL,16.5,Out of stock,2024/01/05 21:59:33,7,4
3b92f571-f2bc-4d76-8029-9532df44f800,Bashful Toffee Puppy,VERY BIG,275.0,In Stock,2024/01/05 21:59:37,43,18
3b92f571-f2bc-4d76-8029-9532df44f800,Bashful Toffee Puppy,REALLY BIG,125.0,In Stock,2024/01/05 21:59:37,26,12
3b92f571-f2bc-4d76-8029-9532df44f800,Bashful Toffee Puppy,MEDIUM,28.0,Returning to stock 2-3 months,2024/01/05 21:59:37,12,5
3b92f571-f2bc-4d76-8029-9532df44f800,Bashful Toffee Puppy,SMALL,18.0,Returning to stock 2-3 months,2024/01/05 21:59:37,7,4
799cf952-2b20-40d3-9a45-64f51a80eaee,If I Were A Bunny Book,ONE SIZE,13.5,In Stock,2024/01/05 21:59:39,6,6
85c88fa8-2ae0-4158-bd81-c699076fb5e7,The Very Brave Lion Book,ONE SIZE,15.0,In Stock,2024/01/05 21:59:41,9,9
bf4fdcfa-71c0-49b1-b9b3-d234d1dc1abc,If I Were A Bunny Book and Bashful Bunny,SMALL,31.5,In Stock,2024/01/05 21:59:43,,
8ba54bd5-8ad7-46f2-9595-9e176f26b8b5,The Very Brave Lion Book and Fuddlewuddle Lion,MEDIUM,45.0,In Stock,2024/01/05 21:59:45,,
1dec3119-cdea-4dee-b278-57516cafc508,Bashful Twinkle Bunny,MEDIUM,28.0,More on the way,2024/01/05 21:59:47,12,5
1dec3119-cdea-4dee-b278-57516cafc508,Bashful Twinkle Bunny,SMALL,18.0,In Stock,2024/01/05 21:59:47,7,4
d77a2df8-5b68-41c7-b0ac-1acd7fa6bf5d,Blossom Tulip Bunny,HUGE,80.0,Out of stock,2024/01/05 21:59:52,20,8
d77a2df8-5b68-41c7-b0ac-1acd7fa6bf5d,Blossom Tulip Bunny,LARGE,43.0,In Stock,2024/01/05 21:59:52,14,6
d77a2df8-5b68-41c7-b0ac-1acd7fa6bf5d,Blossom Tulip Bunny,MEDIUM,28.0,In Stock,2024/01/05 21:59:52,12,5
d77a2df8-5b68-41c7-b0ac-1acd7fa6bf5d,Blossom Tulip Bunny,SMALL,18.0,In Stock,2024/01/05 21:59:52,7,4
d77a2df8-5b68-41c7-b0ac-1acd7fa6bf5d,Blossom Tulip Bunny,TINY,10.0,Out of stock,2024/01/05 21:59:52,5,
be141f23-8ee7-44e3-8a69-30373de9f284,Blossom Tulip Bunny with Personalised Cream Jumper,MEDIUM,38.0,In Stock,2024/01/05 21:59:53,12,5
80bac16e-979f-43bf-9511-6246a7418997,Blossom Tulip Bunny with Personalised Navy Jumper,MEDIUM,38.0,In Stock,2024/01/05 21:59:55,12,5
dd466818-b45d-471e-9310-b3c4ce9b481e,Blossom Tulip Bunny with Personalised Red Jumper,MEDIUM,38.0,In Stock,2024/01/05 21:59:57,12,5
ee590df7-a483-4a56-aa93-4b8c55e0bf12,Personalised Bashful Silver Bunny Huge,HUGE,86.0,In Stock,2024/01/05 21:59:59,20,8
8a390f72-426b-4b65-86de-bc150b6d205b,If I Were An Elephant Book,ONE SIZE,13.5,In Stock,2024/01/05 22:00:01,6,6
ef1e6cc6-c9e4-4798-a453-a63edcc21c1b,The Magic Bunny Book,ONE SIZE,15.0,In Stock,2024/01/05 22:00:03,7,7
b3032d0f-dbb7-4953-82b4-e7e32808f1c3,When I am Big Book,ONE SIZE,15.0,In Stock,2024/01/05 22:00:04,8,8
dae9e552-0788-4813-871d-016db227da46,Bumbly Bear,HUGE,99.0,Out of stock,2024/01/05 22:00:09,23,9
dae9e552-0788-4813-871d-016db227da46,Bumbly Bear,LARGE,60.0,In Stock,2024/01/05 22:00:09,20,7
dae9e552-0788-4813-871d-016db227da46,Bumbly Bear,MEDIUM,43.0,In Stock,2024/01/05 22:00:09,15,6
dae9e552-0788-4813-871d-016db227da46,Bumbly Bear,SMALL,28.0,More on the way,2024/01/05 22:00:09,11,4
c0c5b9b7-df63-45e8-a48d-32ac078a0065,The Magic Bunny Book and Bashful Cottontail Bunny,MEDIUM,43.0,In Stock,2024/01/05 22:00:10,,
a0c8abb0-dfc2-410b-82ad-9446b7139b40,Bashful Unicorn,MEDIUM,28.0,In Stock,2024/01/05 22:00:12,12,5
a0c8abb0-dfc2-410b-82ad-9446b7139b40,Bashful Unicorn,SMALL,18.0,In Stock,2024/01/05 22:00:12,7,4
8828d578-76f1-42e2-ac8c-91e40b6ea312,Fuddlewuddle Monkey,MEDIUM,30.0,In Stock,2024/01/05 22:00:14,9,5
e0af7308-c95d-45a3-a9db-bfa9a72e18e6,Bashful Beige Bunny Grabber,ONE SIZE,15.0,In Stock,2024/01/05 22:00:16,7,3
4bae8a90-d52e-4dc8-89c2-bcbe7543ec95,Bashful Pink Bunny Grabber,ONE SIZE,15.0,In Stock,2024/01/05 22:00:18,7,3
26aaf36e-ee3d-4316-85dc-93a6b3d33a98,If I Were A Rabbit Book,ONE SIZE,13.5,In Stock,2024/01/05 22:00:19,6,6
3f39078c-18fe-4e8d-9273-7cbea0b9ac4b,If I Were A Rabbit Book and Bashful Tulip Bunny,SMALL,31.5,In Stock,2024/01/05 22:00:27,,
7c38e9bc-4fee-4fd4-b538-9dfbe49c1655,Fuddlewuddle Lion,HUGE,69.0,Out of stock,2024/01/05 22:00:29,17,9
7c38e9bc-4fee-4fd4-b538-9dfbe49c1655,Fuddlewuddle Lion,LARGE,50.0,More on the way,2024/01/05 22:00:29,12,6
7c38e9bc-4fee-4fd4-b538-9dfbe49c1655,Fuddlewuddle Lion,MEDIUM,30.0,In Stock,2024/01/05 22:00:29,9,5
0013303f-6121-4627-a0b2-e28580e7d542,Bartholomew Bear,REALLY BIG,140.0,In Stock,2024/01/05 22:00:34,22,13
0013303f-6121-4627-a0b2-e28580e7d542,Bartholomew Bear,HUGE,55.0,In Stock,2024/01/05 22:00:34,19,7
0013303f-6121-4627-a0b2-e28580e7d542,Bartholomew Bear,LARGE,40.0,In Stock,2024/01/05 22:00:34,14,7
0013303f-6121-4627-a0b2-e28580e7d542,Bartholomew Bear,MEDIUM,28.0,More on the way,2024/01/05 22:00:34,11,5
0013303f-6121-4627-a0b2-e28580e7d542,Bartholomew Bear,TINY,18.5,In Stock,2024/01/05 22:00:34,6,3
145c8af6-91b5-4270-a0ad-38f899dfb29f,Bashful Silver Bunny,VERY BIG,275.0,In Stock,2024/01/05 22:00:40,43,18
145c8af6-91b5-4270-a0ad-38f899dfb29f,Bashful Silver Bunny,REALLY BIG,125.0,In Stock,2024/01/05 22:00:40,26,11
145c8af6-91b5-4270-a0ad-38f899dfb29f,Bashful Silver Bunny,HUGE,80.0,In Stock,2024/01/05 22:00:40,20,8
145c8af6-91b5-4270-a0ad-38f899dfb29f,Bashful Silver Bunny,LARGE,37.5,Out of stock,2024/01/05 22:00:40,14,6
145c8af6-91b5-4270-a0ad-38f899dfb29f,Bashful Silver Bunny,MEDIUM,28.0,In Stock,2024/01/05 22:00:40,12,5
145c8af6-91b5-4270-a0ad-38f899dfb29f,Bashful Silver Bunny,SMALL,18.0,In Stock,2024/01/05 22:00:40,7,4
5a7eef11-2abf-47c2-8207-3b2466265086,Bashful Silver Bunny with Personalised Cream Jumper,MEDIUM,38.0,In Stock,2024/01/05 22:00:42,12,5
a6ac43c8-a47b-41c0-82a1-30f125ace43e,Bashful Silver Bunny with Personalised Navy Jumper,MEDIUM,38.0,In Stock,2024/01/05 22:00:44,12,5
6d6044bf-ddb9-4f76-a9cd-95affd24ab9b,Bashful Silver Bunny with Personalised Red Jumper,MEDIUM,38.0,In Stock,2024/01/05 22:00:46,12,5
3a0d72fa-b15c-44d2-8170-effd6446187c,Personalised Bashful Silver Bunny Medium,MEDIUM,34.0,In Stock,2024/01/05 22:00:48,12,5
5499eaa5-a33e-47ce-a7a2-80a30ed8a54e,Bashful Cottontail Bunny,VERY BIG,275.0,In Stock,2024/01/05 22:00:53,43,18
5499eaa5-a33e-47ce-a7a2-80a30ed8a54e,Bashful Cottontail Bunny,REALLY BIG,125.0,In Stock,2024/01/05 22:00:53,26,12
5499eaa5-a33e-47ce-a7a2-80a30ed8a54e,Bashful Cottontail Bunny,MEDIUM,28.0,In Stock,2024/01/05 22:00:53,12,5
5499eaa5-a33e-47ce-a7a2-80a30ed8a54e,Bashful Cottontail Bunny,SMALL,17.5,Out of stock,2024/01/05 22:00:53,7,4
c7b4349f-c754-4d25-804d-324a61e35bde,Blossom Cream Bunny,LARGE,43.0,Out of stock,2024/01/05 22:00:55,14,6
c7b4349f-c754-4d25-804d-324a61e35bde,Blossom Cream Bunny,MEDIUM,28.0,Returning to stock 3-4 weeks,2024/01/05 22:00:55,12,5
c7b4349f-c754-4d25-804d-324a61e35bde,Blossom Cream Bunny,SMALL,18.0,In Stock,2024/01/05 22:00:55,7,4
b24f3372-a2b3-466a-b1ed-6fbe3ae32a75,Bashful Cottontail Bunny with Personalised Cream Jumper,MEDIUM,38.0,In Stock,2024/01/05 22:00:57,12,5
9f20f7fb-5773-4504-9913-97cf2f78f820,Bashful Cottontail Bunny with Personalised Navy Jumper,MEDIUM,38.0,In Stock,2024/01/05 22:00:59,12,5
6db237b9-c78e-4bd9-9af3-206cea588280,Bashful Cottontail Bunny with Personalised Red Jumper,MEDIUM,38.0,In Stock,2024/01/05 22:01:01,12,5
bf550280-4ae6-4d2b-857e-76a9e5aa7f04,Personalised Bashful Cottontail Bunny Medium,MEDIUM,34.0,In Stock,2024/01/05 22:01:03,12,5
99bc16b6-8b2f-4acd-9e28-db7787a0d97e,Bashful Monkey Soother,ONE SIZE,25.0,In Stock,2024/01/05 22:01:05,13,13
d6676feb-2276-46ae-a08f-4c68a04d17b2,Bashful Black & Cream Puppy,VERY BIG,275.0,In Stock,2024/01/05 22:01:07,43,18
d6676feb-2276-46ae-a08f-4c68a04d17b2,Bashful Black & Cream Puppy,MEDIUM,28.0,In Stock,2024/01/05 22:01:07,12,5
d6676feb-2276-46ae-a08f-4c68a04d17b2,Bashful Black & Cream Puppy,SMALL,18.0,In Stock,2024/01/05 22:01:07,7,4
d02a95da-b6e1-45da-a77d-aa79b1591522,Bashful Blue Bunny,HUGE,67.5,Out of stock,2024/01/05 22:01:10,20,8
d02a95da-b6e1-45da-a77d-aa79b1591522,Bashful Blue Bunny,MEDIUM,28.0,In Stock,2024/01/05 22:01:10,12,5
d02a95da-b6e1-45da-a77d-aa79b1591522,Bashful Blue Bunny,TINY,10.0,Out of stock,2024/01/05 22:01:10,5,2
82d7d3e7-0007-4683-8ab4-3c5a4e891084,Bashful Pink Bunny,HUGE,67.5,Out of stock,2024/01/05 22:01:15,20,8
82d7d3e7-0007-4683-8ab4-3c5a4e891084,Bashful Pink Bunny,LARGE,43.0,Out of stock,2024/01/05 22:01:15,14,6
82d7d3e7-0007-4683-8ab4-3c5a4e891084,Bashful Pink Bunny,MEDIUM,28.0,In Stock,2024/01/05 22:01:15,12,5
82d7d3e7-0007-4683-8ab4-3c5a4e891084,Bashful Pink Bunny,TINY,10.0,Out of stock,2024/01/05 22:01:15,5,2
c103ef16-a23f-4c00-be88-baa1fa8b6bfe,Fuddlewuddle Puppy,MEDIUM,30.0,In Stock,2024/01/05 22:01:18,9,5
8fc3f5ab-785e-4271-b14f-f4db20699faf,Bashful Black & Cream Puppy with Personalised Cream Jumper,MEDIUM,38.0,In Stock,2024/01/05 22:01:20,12,5
939b2be5-057e-4fd4-aa12-32d446fd745f,Bashful Blue Bunny with Personalised Cream Jumper,MEDIUM,38.0,In Stock,2024/01/05 22:01:22,12,5
9f0c7886-cf5e-43d4-b229-688187abc81f,Bashful Pink Bunny with Personalised Cream Jumper,MEDIUM,38.0,In Stock,2024/01/05 22:01:23,12,5
4a13801e-1798-44b7-b797-285bb0ae3421,Bashful Black & Cream Puppy with Personalised Navy Jumper,MEDIUM,38.0,In Stock,2024/01/05 22:01:25,12,5
90854a45-8403-4af0-85eb-41a4c0be761d,Iris Siamese Cat,ONE SIZE,33.0,More on the way,2024/01/05 22:01:27,11,5
9084aed3-4f75-450b-acb5-c8ca71e733cd,Bashful Blue Bunny with Personalised Navy Jumper,MEDIUM,38.0,In Stock,2024/01/05 22:01:29,12,5
89a2caff-3e32-47ff-be8a-1eba9454af2d,Bashful Pink Bunny with Personalised Navy Jumper,MEDIUM,38.0,In Stock,2024/01/05 22:01:31,12,5
35db45d8-fe84-4739-82cf-718d0511db6e,Bashful Black & Cream Puppy with Personalised Red Jumper,MEDIUM,38.0,In Stock,2024/01/05 22:01:33,12,5
34b2b99b-592d-4eb7-a96d-8d250e6b6912,Bashful Blue Bunny with Personalised Red Jumper,MEDIUM,38.0,In Stock,2024/01/05 22:01:35,12,5
d664f739-01bc-4919-a17f-81124fb7586b,Bashful Pink Bunny with Personalised Red Jumper,MEDIUM,38.0,In Stock,2024/01/05 22:01:37,12,5
9d8cb19e-ca64-44e1-a85e-a2b5321d9ffe,Personalised Bashful Blue Bunny Medium,MEDIUM,34.0,In Stock,2024/01/05 22:01:39,12,5
9f82ea80-c29a-4c67-80fa-18ea12d1286f,Bashful Pink Bunny Rattle,SMALL,15.0,In Stock,2024/01/05 22:01:41,7,4
49dc310b-be0d-46af-bcbd-6caa834a49ab,Bashful Pink Bunny Soother,ONE SIZE,25.0,In Stock,2024/01/05 22:01:42,13,13
0b144da0-6100-4c84-8dae-871a2bdc411e,Personalised Bashful Cream Bunny Huge,HUGE,86.0,In Stock,2024/01/05 22:01:44,20,8
fe9fab32-c9f1-4e10-a828-4b3d66262557,Edward Bear,MEDIUM,30.0,In Stock,2024/01/05 22:01:46,13,6
fe9fab32-c9f1-4e10-a828-4b3d66262557,Edward Bear,SMALL,23.0,Out of stock,2024/01/05 22:01:46,10,5
d781e006-2705-43ee-8f0f-c8a682cc9408,Personalised Bashful Beige Bunny Huge,HUGE,86.0,In Stock,2024/01/05 22:01:48,20,8
8230e133-d01b-40b0-99ac-fe890ee3c5d0,Bashful Beige Bunny,VERY BIG,275.0,In Stock,2024/01/05 22:01:54,43,18
8230e133-d01b-40b0-99ac-fe890ee3c5d0,Bashful Beige Bunny,REALLY BIG,125.0,In Stock,2024/01/05 22:01:54,26,12
8230e133-d01b-40b0-99ac-fe890ee3c5d0,Bashful Beige Bunny,HUGE,80.0,In Stock,2024/01/05 22:01:54,20,8
8230e133-d01b-40b0-99ac-fe890ee3c5d0,Bashful Beige Bunny,LARGE,43.0,In Stock,2024/01/05 22:01:54,14,6
8230e133-d01b-40b0-99ac-fe890ee3c5d0,Bashful Beige Bunny,MEDIUM,28.0,Out of stock,2024/01/05 22:01:54,12,5
8230e133-d01b-40b0-99ac-fe890ee3c5d0,Bashful Beige Bunny,SMALL,18.0,In Stock,2024/01/05 22:01:54,7,4
8230e133-d01b-40b0-99ac-fe890ee3c5d0,Bashful Beige Bunny,TINY,14.0,In Stock,2024/01/05 22:01:54,5,2
59b49b24-6e9e-41e5-90f0-11edd68d8448,Bashful Cream Bunny,VERY BIG,275.0,Returning to stock 2-3 months,2024/01/05 22:02:00,43,18
59b49b24-6e9e-41e5-90f0-11edd68d8448,Bashful Cream Bunny,REALLY BIG,125.0,In Stock,2024/01/05 22:02:00,26,11
59b49b24-6e9e-41e5-90f0-11edd68d8448,Bashful Cream Bunny,HUGE,80.0,In Stock,2024/01/05 22:02:00,20,8
59b49b24-6e9e-41e5-90f0-11edd68d8448,Bashful Cream Bunny,LARGE,43.0,In Stock,2024/01/05 22:02:00,14,6
59b49b24-6e9e-41e5-90f0-11edd68d8448,Bashful Cream Bunny,MEDIUM,28.0,Returning to stock 2-3 months,2024/01/05 22:02:00,12,5
59b49b24-6e9e-41e5-90f0-11edd68d8448,Bashful Cream Bunny,SMALL,18.0,In Stock,2024/01/05 22:02:00,7,4
59b49b24-6e9e-41e5-90f0-11edd68d8448,Bashful Cream Bunny,TINY,14.0,Out of stock,2024/01/05 22:02:00,5,2
d81747d3-da08-4fa4-9549-ddf446047561,Personalised Rose Dragon Huge,HUGE,126.0,In Stock,2024/01/05 22:02:03,7,26
2f628886-0cf5-46ea-955d-e5f16abce9a3,Personalised Bashful Pink Bunny Soother,ONE SIZE,31.0,In Stock,2024/01/05 22:02:04,13,13
1d11c3fc-a1f1-4b95-9af4-cd1c3a2dc57e,Rory Le Courageux Petit Lion & Fuddlewuddle Lion,MEDIUM,45.0,In Stock,2024/01/05 22:02:06,,
3bbf85c4-7071-4b6c-926a-e58bfa5c96fd,All Kinds of Cats Book and Jellycat Jack,MEDIUM,60.0,In Stock,2024/01/05 22:02:07,,
107f9403-7d15-4f3a-8ae7-e3a0241434a9,Lottie Fairy Bunny Book and Lottie Bunny Fairy,ONE SIZE,47.5,In Stock,2024/01/05 22:02:09,,
c3db06d3-5469-488e-a958-1eb129ec8ffe,Lapin Timide Veille Sur Tes Nuits & Bashful Cottontail Bunny,MEDIUM,43.0,In Stock,2024/01/05 22:02:11,,
85e07844-b2f9-4c18-9d98-fdb18571b6e6,Merry Mouse Book and Merry Mouse,ONE SIZE,42.5,In Stock,2024/01/05 22:02:12,,
b484211a-c237-48eb-898f-bd0f44c251f1,Lapin Timide Veut Grandir & Bashful Cream Bunny,MEDIUM,43.0,In Stock,2024/01/05 22:02:14,,
bddcb601-5709-4b4d-a6c0-5dd67fa0ab75,Festival Dragon,ONE SIZE,55.0,Returning to stock next week,2024/01/05 22:02:15,4,17
c718cc87-1c19-4fc8-af7a-c45865dba493,Archie Dinosaur,ONE SIZE,35.0,More on the way,2024/01/05 22:02:17,9,6
c50c1929-0bba-4638-9add-4b44323d498d,Bashful Grey Kitty,MEDIUM,28.0,More on the way,2024/01/05 22:02:18,12,5
67f1b8cd-a010-4afa-b162-725e6bdf8b09,If I Were a Bunny Board Book,ONE SIZE,13.5,Returning to stock 2-3 months,2024/01/05 22:02:20,6,6
71672f0c-caff-4168-a343-e2ce07f0becc,Blossom Beige Bunny Bag Charm,ONE SIZE,23.0,More on the way,2024/01/05 22:02:22,7,2
734851fb-da12-4fcb-baff-d837751c82cd,Blossom Blush Bunny Bag Charm,ONE SIZE,23.0,More on the way,2024/01/05 22:02:23,7,2
77b0c231-5dae-48c0-9852-056027070b0d,Blossom Jasmine Bunny Bag Charm,ONE SIZE,23.0,More on the way,2024/01/05 22:02:25,7,2
d1a75623-482d-4055-bc0f-7b1aadfe9529,Backpack Panda,ONE SIZE,30.0,More on the way,2024/01/05 22:02:27,9,4
0aacf168-80b0-4b5c-a115-abddeb04dd3e,Caboodle Puppy,ONE SIZE,20.0,More on the way,2024/01/05 22:02:28,4,4
2d9de0bb-e506-4fad-8f42-4fa59dad626d,Carissa Persian Cat,ONE SIZE,45.0,Returning to stock 2-3 months,2024/01/05 22:02:30,10,10
734dbec0-dcfd-40cf-84cd-3f93752f9345,Clyde Capybara,ONE SIZE,43.0,Out of stock,2024/01/05 22:02:31,8,9
c5c8ecc6-1d8c-451c-b495-27103711dbdd,Dara Giraffe,ONE SIZE,75.0,More on the way,2024/01/05 22:02:33,22,7
3181bd9a-037a-40e3-8835-db4f374d5a25,Dario Donkey,ONE SIZE,60.0,More on the way,2024/01/05 22:02:35,14,7
46cb924a-7b6e-4768-8fbb-8136480427e2,Fuddlewuddle Ginger Cat,MEDIUM,30.0,More on the way,2024/01/05 22:02:36,9,5
c64253e5-fefc-40fb-9c98-91579f886e2d,Gordy Guinea Pig,ONE SIZE,30.0,More on the way,2024/01/05 22:02:38,8,6
5d468660-b0a0-430f-8c4c-cab16083723e,Huddles Kangaroo,ONE SIZE,45.0,Returning to stock 2-3 months,2024/01/05 22:02:39,10,6
96490545-48fc-4235-9ea6-eabd3362f768,Little Goat,ONE SIZE,22.0,More on the way,2024/01/05 22:02:41,7,4
b0552e07-e2c3-4e41-94de-f1a687b3c9e6,Little Pig Bag,ONE SIZE,40.0,Returning to stock 2-3 months,2024/01/05 22:02:43,7,7
96dbd59d-1210-44a0-a01f-1aa6f6e9e695,Little Pup Bag Charm,ONE SIZE,25.0,More on the way,2024/01/05 22:02:44,7,2
df3c2103-d2c2-489e-9b22-b8ed3a939518,Randall Basset Hound,ONE SIZE,35.0,More on the way,2024/01/05 22:02:46,9,13
f23c496b-50b2-48a6-9665-7fcccf2105d3,Richie Dromedary,ONE SIZE,60.0,More on the way,2024/01/05 22:02:48,11,17
5b66b8c9-8aca-41c4-9356-4a5abff76661,Tilly Golden Retriever,ONE SIZE,35.0,More on the way,2024/01/05 22:02:49,11,6
bcea369f-ed65-48ab-9e8a-ac6555c452ed,Wanderlust Elly,ONE SIZE,100.0,More on the way,2024/01/05 22:02:51,7,14
ef45b930-195b-4fe9-b67a-a026dba8dadf,Yummy Puppy,ONE SIZE,20.0,Returning to stock 2-3 months,2024/01/05 22:02:53,6,3
d71ad256-b6f8-4641-a452-f8e6127d1a40,Dainty Dessert Bunny Cupcake,ONE SIZE,28.0,Returning to stock 2-3 months,2024/01/05 22:02:54,6,4
abaff4c9-e406-4719-93c5-eafb7ffe9b90,Fluffy Duck,ONE SIZE,15.0,Returning to stock 2-3 months,2024/01/05 22:02:56,4,2
19a04a1d-05b9-4149-8f1f-80c76093e77e,Finnegan Frog,ONE SIZE,20.0,More on the way,2024/01/05 22:02:58,9,3
5c24356e-eab7-4330-8343-22f700c6d9d8,Honeyhome Bee,ONE SIZE,35.0,More on the way,2024/01/05 22:02:59,7,7
a82684dc-5ae6-4492-8a4f-688c57f8fe91,Smudge Rabbit Big,BIG,75.0,More on the way,2024/01/05 22:03:01,6,17
243178b2-0172-483d-b861-ce44710e36ea,Bartholomew Bear Bag,ONE SIZE,38.0,Returning to stock 3-4 weeks,2024/01/05 22:03:02,6,7
323be65e-ca9c-4c2a-9ca6-25d638560e0c,Bashful Bunny Cream Bag Charm,ONE SIZE,19.0,Out of stock,2024/01/05 22:03:04,7,2
5d8874a6-8c36-4c9f-8723-f58b3af2b7b2,Bashful Bunny Truffle Bag Charm,ONE SIZE,19.0,More on the way,2024/01/05 22:03:06,7,2
dd0bbf2c-8fd6-4762-a595-94b644fa0edf,Bashful Bunny Inky Bag Charm,ONE SIZE,19.0,More on the way,2024/01/05 22:03:07,7,2
0ae09168-0e33-4ecd-a511-62b5657b4d4c,Kitten Tails Activity Book,ONE SIZE,18.5,More on the way,2024/01/05 22:03:09,9,5
9285ceb5-71c9-4b90-940e-50b04aa58edf,When I Am Sleepy Book,ONE SIZE,15.0,Returning to stock 3-4 weeks,2024/01/05 22:03:11,8,8
8238e227-0159-479e-9ce9-3ac62bb370ca,Backpack Puppy,ONE SIZE,30.0,More on the way,2024/01/05 22:03:12,9,4
60a543da-dc72-42fa-8715-688a637822df,Caractacus Chameleon,ONE SIZE,65.0,More on the way,2024/01/05 22:03:14,15,7
e42b2f74-d6be-4c07-a6f5-32ab3c0abbe3,Cauldron Cuties,ONE SIZE,35.0,More on the way,2024/01/05 22:03:16,6,5
085592eb-bd5e-41a3-914b-07d34f6c3384,Coquette Cutie Cat,ONE SIZE,32.5,More on the way,2024/01/05 22:03:17,10,2
34bd9659-d82c-4f83-8910-f6ac3900dc41,Daphne Pomeranian,ONE SIZE,33.0,More on the way,2024/01/05 22:03:19,9,8
c5831a23-1a86-480d-8b1a-cfe6ed49cf8a,Floofie St Bernard,ONE SIZE,80.0,More on the way,2024/01/05 22:03:20,7,16
597b15f5-92e3-4235-9278-0339234fea7c,Freya Pony,ONE SIZE,65.0,More on the way,2024/01/05 22:03:22,13,13
41c4c6ba-e6eb-4fe9-8029-35e990b1d8a0,Georgiana Poodle,ONE SIZE,33.0,More on the way,2024/01/05 22:03:24,9,5
7c7d0ce6-4c78-4749-a730-912a529033e0,Jackson Husky,ONE SIZE,35.0,More on the way,2024/01/05 22:03:25,10,6
f0a253c3-8d91-4f67-bb36-dfc05b9bd1b1,Kitten Caboodle Grey,ONE SIZE,20.0,Returning to stock 2-3 months,2024/01/05 22:03:27,4,4
3ecd4ce7-f384-42f7-805a-b31d9b3d986e,Little Snake,ONE SIZE,22.0,Returning to stock 2-3 months,2024/01/05 22:03:29,6,8
69bedae3-d22c-4d9b-b682-1c3ff3921a95,Munro Scottie Dog Bag Charm,ONE SIZE,23.0,Returning to stock 2-3 months,2024/01/05 22:03:31,4,2
ca601247-3aa0-471c-9003-290efd747d61,Munro Scottie Dog Bag,ONE SIZE,40.0,Returning to stock in 1-2 days,2024/01/05 22:03:32,9,5
115af49e-bf37-4228-858f-b158530f8da1,Myrtle Hippopotamus,ONE SIZE,45.0,More on the way,2024/01/05 22:03:34,15,6
520da64e-aced-45cb-b9fe-ce809338e105,Nessie Nessa,ONE SIZE,30.0,Out of stock,2024/01/05 22:03:35,9,14
5e647f26-5e55-4ab1-9296-b5afcaede586,Ooky Bat,ONE SIZE,20.0,More on the way,2024/01/05 22:03:37,6,2
3cf2be10-d3a4-434a-8dfb-22ce58ea63d1,Otto Sausage Dog Bag,ONE SIZE,40.0,Returning to stock 3-4 weeks,2024/01/05 22:03:39,6,9
1d36b41c-d091-48dd-abaf-5339149049d5,Ricky Rain Frog Bag Charm,ONE SIZE,23.0,Returning to stock 3-4 weeks,2024/01/05 22:03:40,3,3
02e41202-eed6-4db6-9320-05f8026a7e02,Yummy Bear,ONE SIZE,20.0,More on the way,2024/01/05 22:03:42,6,3
24a58cc8-1ef4-4ef2-b756-3ca71ac486fa,Birdling Seagull,ONE SIZE,17.0,More on the way,2024/01/05 22:03:43,4,3
fa1f50f2-9d16-4d99-91bd-ee856e684890,Little Reindeer,ONE SIZE,20.0,More on the way,2024/01/05 22:03:45,7,4
6297fbe8-08d0-4cb6-ab7b-36695abaa337,Merry Mouse Sleighing,ONE SIZE,42.5,Out of stock,2024/01/05 22:03:46,7,4
b2b6008a-b87f-496f-a1b2-a149f303ca5d,Nesting Penguins,ONE SIZE,35.0,More on the way,2024/01/05 22:03:48,4,5
ab9eed7e-fdd1-4df2-96a7-d6de61aa6e8e,Ronnie Rockhopper Penguin,ONE SIZE,25.0,More on the way,2024/01/05 22:03:50,10,4
3ee2df6f-2669-409f-b881-7e82528e4676,Wee Reindeer,ONE SIZE,17.5,Out of stock,2024/01/05 22:03:51,5,3
bcec26a6-712b-4a7a-83a3-2ee023059159,Bartholomew Bear Bag Charm,ONE SIZE,23.0,Out of stock,2024/01/05 22:03:53,5,2
0ba118cc-c7b2-42f9-bc94-d38750a9d58e,Blowzy Belle Cat,ONE SIZE,37.5,More on the way,2024/01/05 22:03:54,17,4
3ad59b40-383f-49af-9788-60cc5f3df518,Fuzzkin Lamb,ONE SIZE,25.0,More on the way,2024/01/05 22:03:56,9,4
47728c06-c3f9-4884-8d9f-0ea134c9b0a3,Herbie Highland Cow,ONE SIZE,35.0,More on the way,2024/01/05 22:03:58,10,6
e3c356c3-ffdc-4bf0-a099-7b9044826139,Little Monkey,ONE SIZE,22.0,More on the way,2024/01/05 22:03:59,7,4
4383c475-46d9-462d-b623-44e41b7046b0,Little Mouse,ONE SIZE,22.0,More on the way,2024/01/05 22:04:01,7,4
5655a135-7ac9-4623-894f-f6c7bdc9dbf6,Personalised Bashful Luxe Bunny Rosa Huge,HUGE,91.0,More on the way,2024/01/05 22:04:03,20,8
90216775-4b72-40b8-b1c6-5022853407c7,Sweetsicle Elephant,ONE SIZE,20.0,More on the way,2024/01/05 22:04:04,6,3
18040bb0-03e0-4738-94f0-4b7c0b05328c,Tumblie Elephant,ONE SIZE,30.0,Returning to stock 2-3 months,2024/01/05 22:04:06,5,14
4415d06e-a431-4ad3-8c0c-f91c77d7dd40,Wavelly Whale Blue,ONE SIZE,15.0,More on the way,2024/01/05 22:04:08,2,6
169fb4d1-0e61-4ae9-a4f7-cc7761c1c5a7,Wavelly Whale Grey,ONE SIZE,15.0,Returning to stock 2-3 months,2024/01/05 22:04:09,3,5
75d19eea-512d-4a6e-b970-b2db3940cbb2,Lottie The Ballet Bunny Book,ONE SIZE,15.0,Returning to stock 3-4 weeks,2024/01/05 22:04:11,7,7
9293bd6e-b3fa-477d-a123-593c41a3f0b5,Sandy Snail,ONE SIZE,27.0,Returning to stock 2-3 months,2024/01/05 22:04:12,5,3
1bd1c117-c6a8-4058-af32-97641958db42,Yummy Duckling,ONE SIZE,20.0,More on the way,2024/01/05 22:04:14,6,4
b74973de-fbb8-4411-8da3-50f50c946d79,Yummy Lamb,ONE SIZE,20.0,More on the way,2024/01/05 22:04:15,6,4
a13119f8-f26e-45cf-b106-12acb25d8e32,Amore Dog,ONE SIZE,40.0,More on the way,2024/01/05 22:04:17,10,7
c3857a08-4c57-4043-8fda-d47dcfa5ffd7,Ambrosie Squirrel,ONE SIZE,35.0,More on the way,2024/01/05 22:04:19,9,4
840cfdf8-4b09-49c5-a4ee-2d31325d928e,Archibald Elephant,MEDIUM,28.0,Returning to stock 2-3 months,2024/01/05 22:04:20,10,5
73452b49-1482-4f4d-927b-baf4d6ba5fb1,Barnabus Pig,HUGE,55.0,Out of stock,2024/01/05 22:04:23,17,7
73452b49-1482-4f4d-927b-baf4d6ba5fb1,Barnabus Pig,MEDIUM,28.0,Returning to stock 2-3 months,2024/01/05 22:04:23,10,5
faf4e6b0-a388-48d6-b5a3-150a1de9f14a,Bashful Koala,MEDIUM,28.0,More on the way,2024/01/05 22:04:24,11,5
e06de398-fe13-463c-97d6-968a1adc7cb7,Backpack Unicorn,ONE SIZE,30.0,More on the way,2024/01/05 22:04:26,9,4
b78512ef-efd0-468a-b103-d6e6cd7d336b,Floofie Sheepdog,ONE SIZE,80.0,More on the way,2024/01/05 22:04:28,10,16
5264451d-8b1f-4eda-a362-03b8bbcd8594,Magnus Manatee,ONE SIZE,50.0,More on the way,2024/01/05 22:04:29,6,14
aeafe3fb-b7a3-4844-9e9a-5287c58e839d,Napping Nipper Cat,ONE SIZE,25.0,More on the way,2024/01/05 22:04:31,4,6
76c36e5d-e143-492d-a626-0b31b4d60683,Otto Sausage Dog,HUGE,75.0,Out of stock,2024/01/05 22:04:33,11,13
76c36e5d-e143-492d-a626-0b31b4d60683,Otto Sausage Dog,LARGE,30.0,More on the way,2024/01/05 22:04:33,7,7
76c36e5d-e143-492d-a626-0b31b4d60683,Otto Sausage Dog,SMALL,22.0,More on the way,2024/01/05 22:04:33,5,7
1bd08b8a-093c-4cd6-9af2-c6a312bd0e34,Hibernating Penguin,ONE SIZE,22.0,More on the way,2024/01/05 22:04:35,5,5
8b3a441c-f26b-48da-b636-63cb487f99a0,Little Penguin,ONE SIZE,22.0,More on the way,2024/01/05 22:04:36,7,3
e6f0326f-cb26-49f8-8b43-0e692d44f65f,Merry Mouse Candy Cane,ONE SIZE,27.5,More on the way,2024/01/05 22:04:38,7,4
9b351dd3-c2a5-4bea-bda5-e004a9bbd28d,Mitzi Reindeer,LARGE,50.0,More on the way,2024/01/05 22:04:40,14,4
9b351dd3-c2a5-4bea-bda5-e004a9bbd28d,Mitzi Reindeer,MEDIUM,32.5,More on the way,2024/01/05 22:04:40,10,3
43faba47-5f58-4a47-8d3f-c21a29589ad1,Bashful Black Kitten,MEDIUM,28.0,More on the way,2024/01/05 22:04:42,12,5
b66aa916-c19d-4f8e-a536-dc73c32f1da6,Bashful Snow Tiger,REALLY BIG,125.0,Out of stock,2024/01/05 22:04:44,26,12
b66aa916-c19d-4f8e-a536-dc73c32f1da6,Bashful Snow Tiger,HUGE,80.0,Out of stock,2024/01/05 22:04:44,20,8
b66aa916-c19d-4f8e-a536-dc73c32f1da6,Bashful Snow Tiger,MEDIUM,28.0,Returning to stock 3-4 weeks,2024/01/05 22:04:44,12,5
2b231a42-af2c-471b-b4e1-fe2d21cf80b3,Birdling Blue Jay,ONE SIZE,17.0,More on the way,2024/01/05 22:04:46,4,3
c2ca5355-7166-4d48-9199-143c6d714c65,Birdling Mallard,ONE SIZE,17.0,More on the way,2024/01/05 22:04:47,4,3
899f28f2-249d-4384-9b14-a712759f2315,Birdling Pigeon,ONE SIZE,17.0,More on the way,2024/01/05 22:04:49,4,3
d454319b-a36a-47dc-baf5-2605989b1266,My Dad and Me Book,ONE SIZE,15.0,Returning to stock 3-4 weeks,2024/01/05 22:04:50,8,8
cee1047a-b283-4791-a444-f789ae291b83,Backpack Elephant,ONE SIZE,30.0,More on the way,2024/01/05 22:04:52,9,4
5607e313-0e7e-4aa8-bedf-dcbf447af4b9,Bruce Bush Baby,ONE SIZE,27.5,More on the way,2024/01/05 22:04:54,7,5
ce960f78-947d-4a65-9002-dbc3deedf5d8,Curvie Sheep Dog,ONE SIZE,33.0,More on the way,2024/01/05 22:04:55,9,6
2537500f-189a-4fb9-aa58-07dab7264ddd,Flumpie Frog,ONE SIZE,28.0,More on the way,2024/01/05 22:04:57,7,5
2baf387e-15fb-4545-8483-8bfd4dfb7a50,Huggady Panda,LARGE,67.5,Out of stock,2024/01/05 22:04:59,13,7
2baf387e-15fb-4545-8483-8bfd4dfb7a50,Huggady Panda,MEDIUM,30.0,More on the way,2024/01/05 22:04:59,9,5
c4d70547-8338-48df-b019-b38749ed39b2,Bashful Snow Tiger with Personalised Cream Jumper,MEDIUM,38.0,Returning to stock 3-4 weeks,2024/01/05 22:05:01,12,5
681c01a7-7a10-4526-a7e5-b2392bf800c7,Bashful Snow Tiger with Personalised Navy Jumper,MEDIUM,38.0,Returning to stock 3-4 weeks,2024/01/05 22:05:03,12,5
e72bd845-0186-4c7c-a19f-53377d0a0609,Bashful Snow Tiger with Personalised Red Jumper,MEDIUM,38.0,Returning to stock 3-4 weeks,2024/01/05 22:05:05,12,5
f53a4bd3-4008-4ebb-85f3-96bc0722f8ce,Kitten Caboodle Ginger,ONE SIZE,20.0,More on the way,2024/01/05 22:05:06,4,4
896f6249-4767-43d5-8ae2-57345e3bfa4f,Little Frog,ONE SIZE,22.0,More on the way,2024/01/05 22:05:08,7,4
84fad8f8-bc97-498f-937f-a3fcef2147d6,Munro Scottie Dog,HUGE,75.0,Out of stock,2024/01/05 22:05:10,17,9
84fad8f8-bc97-498f-937f-a3fcef2147d6,Munro Scottie Dog,MEDIUM,30.0,More on the way,2024/01/05 22:05:10,9,5
daf16807-bc05-4977-8268-877016a4f9a5,Pacey Pufferfish,ONE SIZE,33.0,Returning to stock 2-3 months,2024/01/05 22:05:11,6,9
7c3a6dd8-fd4f-4d25-bd81-a06320dca87c,Rock-a-Bye Bunny,ONE SIZE,30.0,More on the way,2024/01/05 22:05:13,7,4
ca3182a9-d83b-4980-b3b8-34e7a27a3983,Sleepee Panda,MEDIUM,25.0,Out of stock,2024/01/05 22:05:15,14,6
ca3182a9-d83b-4980-b3b8-34e7a27a3983,Sleepee Panda,SMALL,18.0,Out of stock,2024/01/05 22:05:15,9,4
b34b08c4-decd-4f4f-852b-1286b65c713c,Tommy Turtle,ONE SIZE,27.5,More on the way,2024/01/05 22:05:16,12,6
f77aa1e7-032b-4693-b154-3b69574ac2dd,Tully Turtle,ONE SIZE,33.0,Returning to stock 3-4 weeks,2024/01/05 22:05:18,4,10
50e76c01-fb7f-421d-93e0-fdca07507909,Willow Owl,ONE SIZE,23.5,More on the way,2024/01/05 22:05:20,8,4
4d859582-c94a-4de6-9d02-1aecc86c0787,Bashful Fudge Bunny with Personalised Cream Jumper,MEDIUM,38.0,More on the way,2024/01/05 22:05:22,12,5
73a0ecb8-50db-479f-903f-6b4f84b201db,Bashful Fudge Bunny with Personalised Navy Jumper,MEDIUM,38.0,More on the way,2024/01/05 22:05:23,12,5
725108a5-dc67-4ac7-b103-bccc5f1cf3a6,Bashful Fudge Bunny with Personalised Red Jumper,MEDIUM,38.0,More on the way,2024/01/05 22:05:26,12,5
71d8793a-6e96-4653-a991-633076abc67a,Personalised Bashful Fudge Bunny Medium,MEDIUM,34.0,More on the way,2024/01/05 22:05:28,12,5
65aae486-d475-46c5-8978-4d3d41d72bc7,Tumblie Duck,ONE SIZE,30.0,Returning to stock 3-4 weeks,2024/01/05 22:05:29,5,14
267f4028-7093-4e30-91ba-4c3e5afd299d,Yummy Bunny Mint,ONE SIZE,20.0,More on the way,2024/01/05 22:05:31,5,4
51852fda-c77a-4b4c-a840-f665c730e5a6,Pet Tails Book,ONE SIZE,18.5,More on the way,2024/01/05 22:05:33,8,5
b4f7497e-c930-4b31-9dce-fa760f2551cc,Bonbon Monkey,ONE SIZE,16.0,More on the way,2024/01/05 22:05:35,9,4
42d7b768-4049-4a1f-8c84-f47cb6f471d5,Backpack Bunny,ONE SIZE,30.0,More on the way,2024/01/05 22:05:36,9,4
e36251f3-8901-4194-ad9d-5ee1d3d1b16b,Backpack Dino,ONE SIZE,30.0,More on the way,2024/01/05 22:05:38,9,4
038c3280-ff5c-443f-8ba6-f9a264b6a414,Cosie Bunny,ONE SIZE,22.5,More on the way,2024/01/05 22:05:39,7,4
e9d2d5be-6b3f-4e46-9397-5350303ab427,Kitten Caboodle Cream,ONE SIZE,20.0,More on the way,2024/01/05 22:05:41,4,4
59c137bc-ca61-43d4-ae9c-8f4fbd789d4b,Little Panda,ONE SIZE,22.0,More on the way,2024/01/05 22:05:43,7,4
5fa255a3-2f7c-414a-b023-e0b127fce505,Lottie Bunny Ballet,ONE SIZE,30.0,More on the way,2024/01/05 22:05:44,11,4
f058743f-d6e1-4ed5-a749-50dd361f5e14,Personalised Sage Dragon Huge,HUGE,126.0,More on the way,2024/01/05 22:05:46,7,26
7fcc2d8a-a11b-402c-8e44-6d6a273dcb21,Smudge Bear,MEDIUM,35.0,More on the way,2024/01/05 22:05:48,9,6
efd93b23-5338-48b6-aa94-4431fc91431a,Sensational Seafood Crab,ONE SIZE,12.5,More on the way,2024/01/05 22:05:49,4,4
e2638bf9-a8f0-4fd7-83c2-a4ae68be4611,Sensational Seafood Lobster,ONE SIZE,12.5,More on the way,2024/01/05 22:05:51,6,4
5cd8eb3d-1c52-4530-bf84-fc2c52f59cd1,Bashful Dusky Blue Bunny,MEDIUM,28.0,More on the way,2024/01/05 22:05:53,12,5
5cd8eb3d-1c52-4530-bf84-fc2c52f59cd1,Bashful Dusky Blue Bunny,SMALL,18.0,Out of stock,2024/01/05 22:05:53,7,4
0366c3e9-ccaf-4827-a8c8-87d92d1ec734,Bashful Lion,MEDIUM,28.0,Returning to stock 3-4 weeks,2024/01/05 22:05:55,12,5
0366c3e9-ccaf-4827-a8c8-87d92d1ec734,Bashful Lion,SMALL,18.0,More on the way,2024/01/05 22:05:55,7,4
f4be5977-dcd5-480c-803a-e0152ed3b4bf,Bashful Blush Bunny Bag Charm,ONE SIZE,19.0,More on the way,2024/01/05 22:05:57,7,1
cf990c04-fc24-44d4-98a6-829fe9dd741c,Birdling Blue Tit,ONE SIZE,17.0,More on the way,2024/01/05 22:05:58,4,3
a28cc487-eebd-43ca-8e60-2496c4a0bcc1,Bashful Lion with Personalised Cream Jumper,MEDIUM,38.0,Returning to stock 3-4 weeks,2024/01/05 22:06:00,12,5
977a6c5f-2ea9-4cdd-b84d-f277135df802,Bashful Lion with Personalised Navy Jumper,MEDIUM,38.0,Returning to stock 3-4 weeks,2024/01/05 22:06:02,12,5
782ac280-9655-4eb5-8ede-406cedd31ec5,Bashful Lion with Personalised Red Jumper,MEDIUM,38.0,Returning to stock 3-4 weeks,2024/01/05 22:06:04,12,5
af24d1ec-e244-4429-9fe4-20e69b2edb14,Little Pup,ONE SIZE,22.0,More on the way,2024/01/05 22:06:06,7,4
89c6c58e-5255-40af-a300-17e75e8933cf,Cordy Roy Lion Activity Toy,ONE SIZE,30.0,Out of stock,2024/01/05 22:06:08,11,4
528f8c69-d1f0-4ceb-8c5d-a68ece156e50,Sensational Seafood Sardine,ONE SIZE,12.0,More on the way,2024/01/05 22:06:09,1,6
b13186f7-cfb5-4cbc-ad06-cd1bc42f4664,Yummy Tulip Pink Bunny,ONE SIZE,20.0,More on the way,2024/01/05 22:06:11,5,4
c34ef5d7-231e-4336-abb5-5700282387e4,Bashful Fudge Puppy,MEDIUM,28.0,More on the way,2024/01/05 22:06:13,12,5
c34ef5d7-231e-4336-abb5-5700282387e4,Bashful Fudge Puppy,SMALL,16.5,Out of stock,2024/01/05 22:06:13,7,4
214e08b9-aea8-487c-8bf4-d4ee5d8377e4,Callie Cow,SMALL,25.0,Returning to stock 2-3 months,2024/01/05 22:06:15,8,4
3f7210a5-7256-4c95-b5bf-a1c31e3355c9,Curvie Elephant,ONE SIZE,33.0,More on the way,2024/01/05 22:06:16,9,6
d6b02eeb-0252-49aa-b1ee-08ca0575e1b3,Curvie Pig,ONE SIZE,33.0,Returning to stock next week,2024/01/05 22:06:18,9,6
647c3c3e-37a3-471d-a0e4-40a8f2359f9c,Fuddlewuddle Cat,MEDIUM,30.0,More on the way,2024/01/05 22:06:20,9,4
8e29f225-67ac-439b-8f7c-709307b0b8ba,Little Bear,ONE SIZE,22.0,More on the way,2024/01/05 22:06:21,7,4
02505dd1-49fe-4cdc-91b6-9f153f98162f,Crumble Fox,ONE SIZE,25.0,Out of stock,2024/01/05 22:06:23,11,5
811bec1a-ff9e-4ec0-a5ed-3579730a677d,Fuddlewuddle Dragon,HUGE,69.0,Out of stock,2024/01/05 22:06:25,17,9
811bec1a-ff9e-4ec0-a5ed-3579730a677d,Fuddlewuddle Dragon,MEDIUM,30.0,More on the way,2024/01/05 22:06:25,9,4
ab9d2888-6102-4394-aded-d5dbffd04d53,Little Bunny,ONE SIZE,22.0,More on the way,2024/01/05 22:06:26,7,4
2c360e7d-0c7b-4581-a701-f35e3b40036f,Little Lamb,ONE SIZE,22.0,More on the way,2024/01/05 22:06:28,7,4
42491bae-757a-4205-bfe5-9ce4314b5cb3,Little Pig,ONE SIZE,22.0,More on the way,2024/01/05 22:06:30,7,4
f2086656-e5af-4eee-b05f-f01c04d07e07,Louie Lion,HUGE,120.0,Out of stock,2024/01/05 22:06:32,9,22
f2086656-e5af-4eee-b05f-f01c04d07e07,Louie Lion,LARGE,70.0,More on the way,2024/01/05 22:06:32,6,18
f2086656-e5af-4eee-b05f-f01c04d07e07,Louie Lion,LITTLE,32.5,More on the way,2024/01/05 22:06:32,3,11
4113a17f-71b1-42ce-b782-c93569cac4cc,Bashful Stardust Bunny,MEDIUM,28.0,Returning to stock 2-3 months,2024/01/05 22:06:34,12,5
4113a17f-71b1-42ce-b782-c93569cac4cc,Bashful Stardust Bunny,SMALL,18.0,Returning to stock 2-3 months,2024/01/05 22:06:34,7,4
471d8429-649f-49d1-8b23-46e16f88affe,Bashful Bunny Tulip Bag Charm,ONE SIZE,19.0,More on the way,2024/01/05 22:06:35,7,1
35a94194-e912-4b78-8b27-15afb1139a5e,Dexter Dragon,MEDIUM,65.0,Returning to stock 2-3 months,2024/01/05 22:06:37,5,20
35a94194-e912-4b78-8b27-15afb1139a5e,Dexter Dragon,LITTLE,32.5,Returning to stock 3-4 weeks,2024/01/05 22:06:37,3,12
c4307f65-d7c3-4335-b2d8-7b57254ec8d5,Fluffy Crab,ONE SIZE,15.0,More on the way,2024/01/05 22:06:39,2,4
68e210ba-8262-4ddc-b9d4-122f39d026ee,Fluffy Octopus,ONE SIZE,15.0,More on the way,2024/01/05 22:06:41,3,3
96540d07-e5a8-44c7-9df4-e0ae02fc5958,Fluffy Starfish,ONE SIZE,15.0,More on the way,2024/01/05 22:06:42,4,4
e919c6b1-f11b-4e03-bf40-99836d1260e3,Fluffy Whale,ONE SIZE,15.0,Returning to stock 2-3 months,2024/01/05 22:06:44,4,2
214fd8e3-2ee8-409c-9554-11da752efb34,Sheldon Shrimp,ONE SIZE,24.0,More on the way,2024/01/05 22:06:45,9,3
10400e9b-e347-4579-9737-f6cf3fc5a187,Wally Whale,MEDIUM,32.5,More on the way,2024/01/05 22:06:47,6,14
10400e9b-e347-4579-9737-f6cf3fc5a187,Wally Whale,SMALL,23.5,Out of stock,2024/01/05 22:06:47,6,8
10400e9b-e347-4579-9737-f6cf3fc5a187,Wally Whale,TINY,13.5,Out of stock,2024/01/05 22:06:47,4,6
99dc72da-2519-4e57-82d6-82852a9e05eb,Herman Hermit,ONE SIZE,33.0,Returning to stock 3-4 weeks,2024/01/05 22:06:49,11,7
60fd4794-581e-4139-825e-2593d46e3657,Perry Polar Bear,MEDIUM,27.5,Returning to stock 2-3 months,2024/01/05 22:06:51,10,6
60fd4794-581e-4139-825e-2593d46e3657,Perry Polar Bear,SMALL,23.5,More on the way,2024/01/05 22:06:51,7,4
60fd4794-581e-4139-825e-2593d46e3657,Perry Polar Bear,TINY,13.0,Out of stock,2024/01/05 22:06:51,5,2
94fa0f93-0b76-4a9d-ade0-9feb4a31e92c,Smudge Rabbit,MEDIUM,35.0,More on the way,2024/01/05 22:06:53,5,9
c9a12f31-6a40-4f27-9073-8d7aaa351e13,Smudge Elephant 1,LARGE,75.0,More on the way,2024/01/05 22:06:55,22,9
c65349ca-2076-4691-88e9-1225e648815e,Elephants Can't Fly Book,ONE SIZE,15.0,Returning to stock 3-4 weeks,2024/01/05 22:06:56,9,
c7c4b869-b596-453e-b5af-454c27ce5393,Smudge Elephant 2,MEDIUM,35.0,More on the way,2024/01/05 22:06:58,9,5
c25fc44a-c3af-40db-bbaf-7870abec688e,Bashful Bat,SMALL,18.0,More on the way,2024/01/05 22:07:00,7,4
be9cd477-93b3-4b3b-b43c-67314f388722,Fuddlewuddle Dino,MEDIUM,30.0,More on the way,2024/01/05 22:07:02,9,5
750c3370-61c2-40cd-8fcd-0096d414d52b,Cordy Roy Baby Elephant Soother,ONE SIZE,23.0,Returning to stock next week,2024/01/05 22:07:04,9,7
8db87af0-31b1-4fb3-a319-aab65400bced,Cordy Roy Baby Hare Soother,ONE SIZE,23.0,Returning to stock next week,2024/01/05 22:07:05,9,7
615bb9bd-1507-4b28-9ece-5b9327a2521d,My Mum and Me Book and Bashful Lamb,MEDIUM,43.0,Out of stock,2024/01/05 22:07:07,,
20be8ca8-3768-4781-9bf7-0987b2a928d0,When I am Big Book and Bashful Cream Bunny,MEDIUM,43.0,Out of stock,2024/01/05 22:07:08,,
a7e35b38-b2fa-40f3-b02f-3735006cd2a6,Bashful Silver Bunny Soother,ONE SIZE,25.0,More on the way,2024/01/05 22:07:10,13,13
2c39eac0-b33c-4b4e-b905-43d3a57c60a6,Cordy Roy Fox Baby,ONE SIZE,25.0,Returning to stock next week,2024/01/05 22:07:12,13,4
220d0a39-ef72-4f6e-a84b-2d3e216a2023,Bashful Kitty,MEDIUM,28.0,Returning to stock next week,2024/01/05 22:07:14,12,
220d0a39-ef72-4f6e-a84b-2d3e216a2023,Bashful Kitty,SMALL,16.5,Out of stock,2024/01/05 22:07:14,7,
b680e764-eb60-4475-a05b-4a57bfefca3f,Odette Ostrich,LARGE,40.0,More on the way,2024/01/05 22:07:15,19,8
b9d8c236-5d33-4959-b078-1f1a0ca4f352,Bashful Blue Bunny Grabber,ONE SIZE,15.0,Returning to stock 3-4 weeks,2024/01/05 22:07:17,7,3
f7dc9433-a2d9-475d-803a-5a38b3691622,Fuddlewuddle Lamb,MEDIUM,30.0,More on the way,2024/01/05 22:07:19,9,5
bbf39240-f799-40e3-9e3e-c04f1bb7a669,Merryday Giraffe,MEDIUM,30.0,More on the way,2024/01/05 22:07:20,16,4
83c475ce-67f9-4eb1-bdf0-6b181c4709ff,Peanut Penguin,LARGE,40.0,More on the way,2024/01/05 22:07:23,13,8
83c475ce-67f9-4eb1-bdf0-6b181c4709ff,Peanut Penguin,MEDIUM,28.0,More on the way,2024/01/05 22:07:23,9,4
83c475ce-67f9-4eb1-bdf0-6b181c4709ff,Peanut Penguin,SMALL,15.0,More on the way,2024/01/05 22:07:23,4,2
170e5e87-bc0f-40e8-a2c8-54d6feed5fb7,Fuddlewuddle Elephant,HUGE,69.0,Out of stock,2024/01/05 22:07:28,17,9
170e5e87-bc0f-40e8-a2c8-54d6feed5fb7,Fuddlewuddle Elephant,LARGE,40.0,Out of stock,2024/01/05 22:07:28,12,6
170e5e87-bc0f-40e8-a2c8-54d6feed5fb7,Fuddlewuddle Elephant,MEDIUM,30.0,More on the way,2024/01/05 22:07:28,9,5
170e5e87-bc0f-40e8-a2c8-54d6feed5fb7,Fuddlewuddle Elephant,TINY,15.0,Out of stock,2024/01/05 22:07:28,5,3
eacfa806-2404-41f8-a3d2-eba5ecfd4bc6,Cordy Roy Fox,MEDIUM,27.5,More on the way,2024/01/05 22:07:30,15,6
eacfa806-2404-41f8-a3d2-eba5ecfd4bc6,Cordy Roy Fox,SMALL,17.0,Out of stock,2024/01/05 22:07:30,10,4
7bc760ef-358e-499b-827b-b92d07f0da7d,Tumblie Sheep Dog,MEDIUM,30.0,Returning to stock 3-4 weeks,2024/01/05 22:07:31,5,14
d758e20e-d113-4fc4-b674-6aefdc13b7fe,Blossom Cream Bunny with Personalised Cream Jumper,MEDIUM,38.0,Returning to stock 3-4 weeks,2024/01/05 22:07:33,12,5
516e60cc-5251-4b8c-80c8-c5fdf4b1976e,Bashful Beige Bunny Soother,ONE SIZE,25.0,More on the way,2024/01/05 22:07:35,13,13
a7eeb811-0eae-43af-9d6d-f79eecc7bf89,Bashful Blue Bunny Rattle,SMALL,15.0,Returning to stock 3-4 weeks,2024/01/05 22:07:37,7,4
92a772ec-8905-407b-95da-3e4907961f9d,Truffles Highland Cow,MEDIUM,33.0,Returning to stock 2-3 months,2024/01/05 22:07:38,9,14
c3f7632d-9ac1-49ed-985e-54d3b503508e,Bashful Bunny Beige Spots A6 Note Book,ONE SIZE,3.0,Out of stock,2024/01/05 22:07:40,6,
643ee514-beff-48c3-83ac-605fb0cbb62f,Otto the Loyal Long Dog Book and Otto Sausage Dog,LARGE,45.0,Out of stock,2024/01/05 22:07:41,,
