jellycatsizeid,jellycatid,jellycatname,size,height,width,price,stock,datecreated
a62c3e12-fc91-4ce8-b754-c9ea601c9baf,91571a20-407d-4c1b-ab85-e73366bb25a0,Bartholomew Bear Pumpkin,LARGE,14.0,8.0,55.0,In Stock,2024-01-14 10:23:41
d09a8fc6-9fbc-4dbe-8d29-7d450057ee9d,95d70af2-ddf7-401e-8d39-8127c0c647f6,Bashful Luxe Bunny Azure,HUGE,20.0,8.0,85.0,In Stock,2024-01-14 10:23:43
781e8a27-470b-47a9-9442-f160e9e4f9b7,95d70af2-ddf7-401e-8d39-8127c0c647f6,Bashful Luxe Bunny Azure,MEDIUM,12.0,5.0,35.0,In Stock,2024-01-14 10:23:43
4de8a76c-93b3-4e76-a400-ccc347590ca7,db891533-91a1-4767-b8ff-d44adaa3963b,All Kinds of Cats Book,ONE SIZE,9.0,7.0,15.0,In Stock,2024-01-14 10:23:45
9a0796b8-0998-4653-9767-c7029ba3e9a0,2ef3123c-f204-4743-b304-99b50785249e,Fergus Frog,ONE SIZE,13.0,4.0,50.0,In Stock,2024-01-14 10:23:47
f57cf72c-49b1-4a27-b1ca-c25f6424bf1b,91b1627e-0150-4a6e-a574-30b79844f59c,Jellycat Head Giant,ONE SIZE,22.0,24.0,220.0,In Stock,2024-01-14 10:23:48
3b0e2f87-5248-421c-8b32-a6c741e85e37,8501e2e5-64ad-40b5-b63c-a57372e8e39b,Jellycat Jack,REALLY BIG,26.0,9.0,165.0,In Stock,2024-01-14 10:23:50
3e993cff-d649-4104-8761-08c2e2a9ebfb,8501e2e5-64ad-40b5-b63c-a57372e8e39b,Jellycat Jack,HUGE,19.0,6.0,110.0,In Stock,2024-01-14 10:23:50
7a98de47-3f4b-4fa4-b464-b811dc614da9,8501e2e5-64ad-40b5-b63c-a57372e8e39b,Jellycat Jack,MEDIUM,13.0,4.0,45.0,More on the way,2024-01-14 10:23:50
82938e35-8c55-4fba-ad8b-5d3403f63c83,78d9d93e-bb89-48cc-a0b3-6bad54d418e6,Jellycat Bag Charm,ONE SIZE,5.0,4.0,28.0,In Stock,2024-01-14 10:23:52
7d0bf7cc-243d-46cd-958f-3933ff1ea695,dfd6870c-7344-43ef-8ea4-6373420ecb50,Jellycat Bag,ONE SIZE,6.0,9.0,45.0,In Stock,2024-01-14 10:23:53
d9d10bde-8c0b-4a38-bdad-edcedd2af12d,2fd82a11-9a44-4429-8feb-0d906bd48883,Junglie Monkey,MEDIUM,18.0,7.0,55.0,In Stock,2024-01-14 10:23:55
9fb3aa1d-4f73-4888-87da-e5c1bce487cf,1b2ff91a-ff15-4705-aa65-29913b38ec34,Truffles Sheep,LARGE,9.0,25.0,110.0,In Stock,2024-01-14 10:23:56
0b6ccaea-667b-4466-8020-6165cdf6fb79,2492ba9f-81c7-42d3-acad-04d8394905a0,Darvin Dragon,ONE SIZE,9.0,8.0,50.0,In Stock,2024-01-14 10:23:58
71ea510f-3c3f-4574-856a-5afa3f9d0ed8,d609960e-3fe9-48ab-82ed-86960e503bec,Golden Dragon,HUGE,7.0,26.0,120.0,In Stock,2024-01-14 10:24:00
7bed820f-3ffb-4585-ba0d-80af69b97a00,d609960e-3fe9-48ab-82ed-86960e503bec,Golden Dragon,LARGE,5.0,20.0,65.0,In Stock,2024-01-14 10:24:00
c0f36aa2-a3f0-4608-b60d-4932d068e462,d609960e-3fe9-48ab-82ed-86960e503bec,Golden Dragon,LITTLE,3.0,12.0,32.5,In Stock,2024-01-14 10:24:00
c4a7980b-15fa-4c81-8f3b-8d712da166f3,58c85529-f06b-43ed-b5d0-5a8f24e77ee0,Golden Dragon Bag Charm,ONE SIZE,5.0,9.0,28.0,In Stock,2024-01-14 10:24:02
fe04c5f8-6cc7-486a-b5c1-06521c373286,db6c0e7b-f002-40f0-a3ef-b72252d20bc2,Lavender Dragon Bag Charm,ONE SIZE,5.0,9.0,28.0,In Stock,2024-01-14 10:24:03
0d817526-0320-47e7-8f0d-829c245e1dde,71842e49-1009-4326-8087-9e7840f166bc,Little Dragon Bag Charm,ONE SIZE,7.0,2.0,23.0,In Stock,2024-01-14 10:24:05
c31ec4e0-cb5d-438b-a3d7-3a742747275d,c51146ca-d2e8-4e9d-9557-ecbeee14529f,Rose Dragon Bag Charm,ONE SIZE,5.0,9.0,28.0,In Stock,2024-01-14 10:24:07
a08d1b66-612b-41b8-a545-c4a1fa5d5dff,9093ebed-cc96-40fb-8622-c30454ed8d08,Snow Dragon Bag Charm,ONE SIZE,5.0,9.0,28.0,In Stock,2024-01-14 10:24:08
d061cb90-cda6-4c49-91bd-d416a7dca774,cb656d35-775c-4cfc-ab4b-095157e35528,Aimee Sheep,ONE SIZE,8.0,9.0,40.0,In Stock,2024-01-14 10:24:10
4ef6472e-4e46-46ff-b7d4-62f25032b52a,59c704e9-9ac9-42f1-a347-092edb098f7f,Bashful Red Love Heart Bunny,MEDIUM,12.0,5.0,32.0,More on the way,2024-01-14 10:24:11
3abc0bcc-4c4b-4b57-b29f-3b5285d90de3,59c704e9-9ac9-42f1-a347-092edb098f7f,Bashful Red Love Heart Bunny,SMALL,7.0,4.0,25.0,In Stock,2024-01-14 10:24:11
bd9a01ae-c226-48dc-85bf-eb5eb5ceb3cc,3a9694f2-3f41-452d-8345-6a27f7a4d7c4,Fabian Frog Prince,ONE SIZE,9.0,8.0,40.0,In Stock,2024-01-14 10:24:13
416b0c0e-57c0-41a0-b4c4-943ff8b99a89,041d2c99-2546-4a81-9ff5-596210ded5b9,Loulou Love Bug,ONE SIZE,2.0,5.0,20.0,In Stock,2024-01-14 10:24:14
8b395ff2-e09b-464f-8508-face16b905d6,29e1ab36-4bfa-44c4-9a15-687f5fbdff87,Amore Bunny,MEDIUM,10.0,7.0,40.0,In Stock,2024-01-14 10:24:16
8be9da5e-862c-46ea-8e10-041e49618edb,c0a2e734-fee5-462d-b34e-e776ded0d6f7,Bibbly Bobbly Sheep,ONE SIZE,14.0,9.0,55.0,In Stock,2024-01-14 10:24:18
5077207a-6884-49af-9445-48d99d1ee1bf,6a2c05ab-3f86-4291-8c04-ea17bd2465c8,Brynlee Bee,ONE SIZE,5.0,6.0,28.0,In Stock,2024-01-14 10:24:19
92ad4c56-401d-40f7-bf9e-b621011ae8ed,e7eeef87-1a76-4219-84dd-96f6a1450bec,Bartholomew Bear Bathrobe,MEDIUM,10.0,5.0,45.0,In Stock,2024-01-14 10:24:21
fe6316a4-4a59-47f3-b88e-b37484016050,7b94d198-2331-4834-bc31-0586856dfce5,Bashful Duckling,MEDIUM,12.0,5.0,28.0,In Stock,2024-01-14 10:24:22
e54710fb-cb95-4af7-b826-d71d91054a03,8b07ff55-6a1f-4091-879a-e36c455f507a,Bashful Moss Bunny,MEDIUM,12.0,5.0,28.0,In Stock,2024-01-14 10:24:24
95333818-8542-4a96-9239-b42ff11a5b94,8b07ff55-6a1f-4091-879a-e36c455f507a,Bashful Moss Bunny,SMALL,7.0,4.0,18.0,In Stock,2024-01-14 10:24:24
d4482614-3d84-44dd-bb13-16429b653d8e,73d2a533-6401-46bb-8d21-458d1305c6fb,Bashful Viola Bunny,MEDIUM,12.0,5.0,28.0,In Stock,2024-01-14 10:24:27
7bdbdec8-1865-410f-9860-eb579ed0acc0,73d2a533-6401-46bb-8d21-458d1305c6fb,Bashful Viola Bunny,SMALL,7.0,4.0,18.0,In Stock,2024-01-14 10:24:27
5b831c3d-1b52-4918-9816-5eb3592181be,9466a624-724d-40b9-98e9-95ec6bb1cfe5,Bashful Bunny with Carrot,SMALL,7.0,4.0,28.0,In Stock,2024-01-14 10:24:28
bc7cfaac-92cc-48be-b53b-d1de9cdd92de,f6c6db20-3572-40bf-8634-3f1e6a1a9d76,Bashful Bunny with Daffodil,SMALL,7.0,4.0,28.0,In Stock,2024-01-14 10:24:30
616b0a72-4b54-4497-b7bb-ea416470e1b2,0071507e-9a81-4c62-a968-0c3388ebd8ee,Lottie Fairy Bunny Book,ONE SIZE,7.0,7.0,15.0,In Stock,2024-01-14 10:24:31
0879c99d-9b47-4233-a983-424899f7330d,cf1586c4-68b1-4d67-8ad0-17562992d0ef,Blossom Cherry Bunny,MEDIUM,12.0,5.0,28.0,In Stock,2024-01-14 10:24:33
5879ff6b-8170-428f-9a08-78ee0f688ae4,cf1586c4-68b1-4d67-8ad0-17562992d0ef,Blossom Cherry Bunny,SMALL,7.0,4.0,18.0,In Stock,2024-01-14 10:24:33
373b7826-4bb4-46a2-8f88-1e19bc6d71ed,e8a7959c-f9c9-4fdd-875f-a01c3995886a,Dainty Dessert Bunny Cupcake,ONE SIZE,6.0,4.0,28.0,In Stock,2024-01-14 10:24:34
e62b0475-152f-4506-b0fb-d0a448c15f21,49bffb31-3d4b-4dd6-b999-945d37d4f4b6,Dainty Dessert Bunny Macaron,ONE SIZE,5.0,5.0,28.0,In Stock,2024-01-14 10:24:36
799748b1-9c33-46a4-83a5-a1646cd9b8fd,381f3829-21ad-4018-b997-49982c1efa2f,Fluffy Chicken,ONE SIZE,4.0,2.0,15.0,In Stock,2024-01-14 10:24:37
fe6799bd-9504-47a7-aa02-ae3d53dadb14,5a2133e0-bd1a-4f99-8489-e9c8e512143b,Fluffy Duck,ONE SIZE,4.0,2.0,15.0,In Stock,2024-01-14 10:24:39
82553aad-3e7c-4297-9d3e-13251e75a095,0a87c1ee-9a77-411a-bfd0-6c2b0358e1d7,Finnegan Frog,ONE SIZE,9.0,3.0,20.0,In Stock,2024-01-14 10:24:41
a97f674a-4d32-4832-9078-617a336a361d,3dfa8ca0-011e-4240-810a-8ff9680cc312,Lottie Bunny Fairy,ONE SIZE,11.0,3.0,32.5,In Stock,2024-01-14 10:24:43
aa73eb15-0315-4669-920e-c0cd107a9256,5b76f42c-ca1b-4906-ad29-35a608f9bfc3,Smudge Rabbit Big,BIG,6.0,17.0,75.0,In Stock,2024-01-14 10:24:44
a5f7ed8a-1b73-4b58-8127-1fcc13aef667,6b4049f4-e2dc-4994-8707-29681e1a5b99,Amore Corgi,MEDIUM,10.0,7.0,40.0,In Stock,2024-01-14 10:24:46
e659ec26-4752-4bd2-aa19-bcd30ccf6a0d,bbd2d0e8-07f2-44ba-9682-cd52ef37ae7a,Bashful Pegasus,MEDIUM,12.0,5.0,28.0,In Stock,2024-01-14 10:24:47
81f0f152-b1ac-43ff-89f9-a0f64d6677eb,e4cb3b26-bfd5-455b-9e47-dfd74c523cd6,If I Were an Owl Board Book,ONE SIZE,6.0,6.0,13.5,In Stock,2024-01-14 10:24:49
4ea8f6de-010b-419b-9673-22525bb3a267,d0e04590-52e4-49d6-ac4d-bcbe6eaa00af,Betty Corgi Bag Charm,ONE SIZE,4.0,2.0,23.0,In Stock,2024-01-14 10:24:50
61bd46e1-2a6e-4bdf-af8c-f72bedb52cd4,a961ef67-bf75-4db0-8377-6997729e9e55,Rory Le Courageux Petit Lion Livre (The Very Brave Lion),ONE SIZE,9.0,9.0,15.0,In Stock,2024-01-14 10:24:52
c37d65e6-f131-4769-a301-bc51198a6f5f,14f59e15-9cd0-4275-9c5f-f18c22569e8e,Lapin Timide Et Ses Petites Aventures Livre (Little Me),ONE SIZE,8.0,8.0,15.0,In Stock,2024-01-14 10:24:53
dac35022-de26-43fc-960a-6e71f7cfbd63,0114618f-7642-4e05-bcd1-2ce0eef015ea,Lapin Timide Veille Sur Tes Nuits Livre (The Magic Bunny),ONE SIZE,7.0,7.0,15.0,In Stock,2024-01-14 10:24:55
cc7dc479-7257-48f2-bffd-958d85ba759f,870673a7-c419-4e20-a7d6-d811fdeb0b00,Lapin Timide Veut Grandir Livre (When I Am Big),ONE SIZE,8.0,8.0,15.0,In Stock,2024-01-14 10:24:57
dbe6c4b5-268c-4e91-b0f0-7c34a25c222c,9f10190e-153e-458c-a56c-c71b38fd0762,Bodacious Beak Parrot,ONE SIZE,9.0,4.0,30.0,In Stock,2024-01-14 10:24:58
9a6e9286-35e4-495d-a614-db6af3bf4426,a02dd6dc-c4d2-4a5f-8fcb-832f4356feee,Bodacious Beak Toucan,ONE SIZE,9.0,4.0,30.0,In Stock,2024-01-14 10:25:00
f0109af6-6f10-4c98-a99a-8f9db1e41a25,b1b1d5de-6fe9-4af7-9828-2e1022e9acb1,Bryno Dino,ONE SIZE,12.0,6.0,55.0,In Stock,2024-01-14 10:25:01
eb48bb76-bcb8-4326-97cc-c4803d40027d,889a740a-d3b0-4a68-a9c5-bacdceeabb9f,Coquette Cutie Bunny,ONE SIZE,10.0,2.0,32.5,In Stock,2024-01-14 10:25:03
1f075603-a88a-4233-a852-2a2d8e8dd93e,09317653-eece-4b71-b89a-1b2cb4bea3c3,Comfy Coat Bunny,ONE SIZE,7.0,3.0,25.0,In Stock,2024-01-14 10:25:04
6fa6d78b-0725-4e5d-9d7c-2478badf89e0,a933edb4-9c88-4503-8fd8-9530f872835c,Comfy Coat Mouse,ONE SIZE,7.0,3.0,25.0,In Stock,2024-01-14 10:25:06
6a9cfb3c-d8f8-4a98-8c10-ad49cab868ed,fc45feae-3728-4f31-8d01-b8f267cddbde,Cuddlebud Bernard Bunny,ONE SIZE,6.0,4.0,28.0,In Stock,2024-01-14 10:25:07
25898461-d622-43bb-973a-48ebe9efc00e,1f53e4f3-4e6d-47e2-99df-cb3ff22eb843,Cuddlebud Darcy Dormouse,ONE SIZE,6.0,4.0,28.0,In Stock,2024-01-14 10:25:09
d66685d6-b075-4e78-b029-d76f0017d27b,3fafd723-d573-469d-856b-59be6252ac2d,Cuddlebud Morgan Mole,ONE SIZE,6.0,4.0,28.0,In Stock,2024-01-14 10:25:10
6ad4728d-3016-40eb-94df-14c7ed4a7f4f,8a62045c-3e0a-4ad9-831c-898bcaedc035,Spooky Greta Gremlin,ONE SIZE,11.0,4.0,40.0,In Stock,2024-01-14 10:25:12
ea16792d-ab95-456c-b146-539c623055a4,6658b4bd-6c57-46a2-a998-bab4b6cb18ea,Harvey Bear,ONE SIZE,11.0,25.0,150.0,In Stock,2024-01-14 10:25:14
acfacef3-2080-4091-8c03-36d49ebc6256,efc5e60f-b953-4fa2-a518-1477c209f1a3,Huddles Grey Elephant,ONE SIZE,10.0,6.0,45.0,In Stock,2024-01-14 10:25:15
75762254-56d7-41fc-93f5-143529e9862c,bed5403c-24fa-4cc4-b944-e6891421f7fa,Isadora Unicorn,ONE SIZE,13.0,13.0,65.0,In Stock,2024-01-14 10:25:16
735d88f0-f4dd-4440-9a8a-b0e981d78bdc,e98f8090-c5f2-4a89-b1ef-4db0fb066591,Little Dragon,ONE SIZE,7.0,4.0,22.0,In Stock,2024-01-14 10:25:18
e43ac6dd-7fed-42df-b461-9b20b0e567ee,43d7cafa-f838-4931-a7fd-ba67d6018fc0,Lois Lionfish,ONE SIZE,6.0,10.0,35.0,In Stock,2024-01-14 10:25:19
6bec457f-94b9-407d-831a-aa0d5418aa57,9dade501-10c2-4c3b-9847-5ef6411c3a69,Napping Nipper Westie,ONE SIZE,4.0,6.0,25.0,In Stock,2024-01-14 10:25:21
cbe1757c-e699-47fb-ac58-b3b4551ef2d7,568ca731-3cff-4ea0-88ec-eb770b0df3f4,Otto Sausage Dog Bag Charm,ONE SIZE,4.0,2.0,23.0,In Stock,2024-01-14 10:25:23
44eb5371-4f5a-4478-aa18-1a76fde3fd34,45f65116-d42b-4180-9125-447b7c97f22d,Ricky Rain Frog Bag,ONE SIZE,7.0,7.0,40.0,In Stock,2024-01-14 10:25:24
08778a9f-8456-4d7c-a3c7-704c49a414df,bdfaa2cf-71fb-4a26-93eb-ede12cb139b0,Stellan Sabre Tooth Tiger,ONE SIZE,19.0,7.0,75.0,In Stock,2024-01-14 10:25:26
fc77cba5-3fde-488a-a5a2-8d586a4e19fd,54c3c381-b128-4262-a568-46e72783758e,Bashful Snow Tiger Soother,ONE SIZE,13.0,13.0,25.0,In Stock,2024-01-14 10:25:28
0c69a621-2364-4f1c-95bd-245177dd590d,e34d2bb5-7888-4e98-a0f0-c9452cb31cf3,Spindleshanks Spider,SMALL,3.0,14.0,27.5,In Stock,2024-01-14 10:25:30
7b8a3fd3-2a38-4230-8972-bdd9a9ebea33,3042887f-bf9b-4867-b442-a12930961f4e,Stanley Stick Insect,ONE SIZE,3.0,11.0,28.0,In Stock,2024-01-14 10:25:31
1b8cdc8f-baa1-4a0b-a780-f5271b0ad59f,b9cc4d61-b9cc-4502-b827-bd41a9672e3d,Viggo Mammoth,ONE SIZE,19.0,7.0,75.0,In Stock,2024-01-14 10:25:33
ce8fdf8b-deba-4c10-ac7a-86d16bdc978e,5aa2a7a5-a36e-4626-9ad5-c43e71d726be,Maya Octopus,REALLY BIG,30.0,12.0,130.0,In Stock,2024-01-14 10:26:09
11d09cd8-2610-470d-a1d2-c8942d227b48,5aa2a7a5-a36e-4626-9ad5-c43e71d726be,Maya Octopus,LARGE,19.0,7.0,53.0,More on the way,2024-01-14 10:26:09
e91428b0-e106-47ef-b5be-7c1009579dff,5aa2a7a5-a36e-4626-9ad5-c43e71d726be,Maya Octopus,LITTLE,9.0,4.0,30.0,Returning to stock next week,2024-01-14 10:26:09
8fe8dd05-ae59-44d0-94bf-76692d88084b,5aa2a7a5-a36e-4626-9ad5-c43e71d726be,Maya Octopus,TINY,6.0,3.0,18.0,Returning to stock 3-4 weeks,2024-01-14 10:26:09
cc9eb97a-5789-4b9d-84b9-c595423365d8,80029cfe-353e-4b8c-a059-202231ca6381,Albert Jack Russell,ONE SIZE,7.0,6.0,30.0,In Stock,2024-01-14 10:26:11
33e767f2-151c-4345-830a-5e568758e587,a3a4d89f-5407-4e43-ab96-770eeebbf467,Birdling Hummingbird,ONE SIZE,4.0,2.0,17.0,In Stock,2024-01-14 10:26:12
c841d7e6-1db0-4d34-babc-5f30f40719ab,c476de20-56a4-44a8-8718-fa174ea14b01,Bashful Christmas Bunny,MEDIUM,12.0,5.0,27.5,In Stock,2024-01-14 10:26:14
b13ee931-e2cd-496e-b6f2-096cfa118d5b,78065856-890e-43b8-b24a-95ed7c05f4ca,Bashful Luxe Bunny Luna,HUGE,20.0,8.0,85.0,In Stock,2024-01-14 10:26:18
195aa3d2-07fd-4125-be7a-88779388829c,78065856-890e-43b8-b24a-95ed7c05f4ca,Bashful Luxe Bunny Luna,MEDIUM,12.0,5.0,35.0,In Stock,2024-01-14 10:26:18
292f928e-e503-408b-b71e-c8e2feb17535,14bfedfd-d2f0-47d7-8490-422bd0fa90e5,Bashful Christmas Bunny Decoration,TINY,5.0,2.0,15.0,In Stock,2024-01-14 10:26:20
dc18fcb1-99ad-4a6e-ad7e-053fbfcd881a,d34d782f-3e4b-493c-8f12-914694ebac9f,Merry Mouse Book,ONE SIZE,7.0,7.0,15.0,In Stock,2024-01-14 10:26:21
0cdc97f1-5d88-4a23-b4af-51dbe90b9883,900f03c9-bf3f-47fe-86e9-d099f9834f5b,Otto’s Snowy Christmas Book,ONE SIZE,7.0,9.0,15.0,In Stock,2024-01-14 10:26:23
893fd408-9c78-4549-a893-93d402458a6a,4813825a-ce19-4a28-a964-7eb515c2f6a4,The Playful Polar Bears Book,ONE SIZE,8.0,8.0,15.0,In Stock,2024-01-14 10:26:24
44c25629-acb1-44b6-8ded-09e3b5494dc8,168a8370-a128-4220-a84d-fffaaa5b9fa3,Mitzi Reindeer’s Dream Book,ONE SIZE,8.0,8.0,15.0,In Stock,2024-01-14 10:26:26
58a7f09d-0db3-4122-b25a-57848b09fae6,49127585-c112-4c3a-a32a-e3e37454ae81,Festive Folly Penguin,ONE SIZE,4.0,2.0,12.5,In Stock,2024-01-14 10:26:27
54a4b3a6-7e24-4c23-b419-f9c1492b44fc,1194a0bd-48b4-4463-9371-3ce38d1b9394,Sofia Reindeer,ONE SIZE,17.0,5.0,60.0,In Stock,2024-01-14 10:26:29
bb239146-431a-449f-8dc9-cc902f944639,03c13a58-ada7-48e2-a8ec-9e249b287516,Christmas Grizzo,ONE SIZE,11.0,4.0,37.5,In Stock,2024-01-14 10:26:31
b03e015d-bc0c-446a-8382-883d00d2ebb6,b84a0c4b-f79a-4803-8abe-f192925ede25,Maurice Macaroni Penguin,ONE SIZE,8.0,5.0,32.5,In Stock,2024-01-14 10:26:33
140b4ae1-7e51-4345-9b13-f315460f3b29,c6854aac-a3c1-465d-b3cf-281ec24f6a42,Merry Mouse,ONE SIZE,7.0,4.0,27.5,In Stock,2024-01-14 10:26:34
d9034275-d740-412a-9b7f-264bdb94f2b9,c6bc11b9-666b-474b-8b70-9cfc2250da34,Merry Mouse Present,ONE SIZE,7.0,4.0,27.5,In Stock,2024-01-14 10:26:36
f1211555-f628-4bc4-a303-c23cd650701a,4410a95b-9405-4345-8c52-64237f8771f7,Merry Mouse Skiing,ONE SIZE,8.0,5.0,37.5,In Stock,2024-01-14 10:26:38
1923c998-d559-43a8-bc64-0ad5f6ac1c98,75d47533-4b93-4db9-b35d-5da98fdd2d42,Winter Warmer Otto Sausage Dog,ONE SIZE,6.0,3.0,32.5,In Stock,2024-01-14 10:26:39
98c55d5a-8c1b-4f4e-8f44-eb3cbf5d02bf,3f1f7a43-f12c-4dae-9669-9fc380ad0e1d,Personalised Bashful Luxe Bunny Luna Huge,HUGE,20.0,8.0,91.0,In Stock,2024-01-14 10:26:41
44e41723-e696-41a2-a8c7-26c3f5b03546,c180a3e4-a800-449f-8b80-867463d2b061,Personalised Bashful Luxe Bunny Luna Medium,MEDIUM,12.0,5.0,41.0,In Stock,2024-01-14 10:26:43
50573581-d657-4f70-9814-7be26f304925,1852cfb8-91b9-48ca-a0d8-50c2ec1dd992,Winter Warmer Pippa Black Labrador,ONE SIZE,9.0,3.0,32.5,In Stock,2024-01-14 10:26:45
b35022dd-ed7b-4ad4-96a4-c37320f6c56a,ff4326c1-136a-421f-89b9-bff3148ca1b7,Santa Ricky Rain Frog,ONE SIZE,6.0,5.0,35.0,In Stock,2024-01-14 10:26:46
0e020164-a9e0-4b60-85b9-9174d89af9f4,f4aeff13-5fee-4b62-9588-2158c6164932,Otto's Snowy Christmas Book & Winter Warmer Otto Sausage Dog,ONE SIZE,,,47.5,In Stock,2024-01-14 10:26:48
73397625-96b5-47f7-a107-1cf39d17ea4d,59caf5b1-2c81-4f06-8a54-ef3a8e4b0b2f,Amuseabean Bunny,ONE SIZE,4.0,4.0,20.0,In Stock,2024-01-14 10:26:49
f1f1c613-e11f-42b0-8012-13f72762de57,02865d5f-66ef-45f8-9586-56921faab8f4,Amuseabean Highland Cow,ONE SIZE,4.0,4.0,20.0,In Stock,2024-01-14 10:26:51
1591552b-dd62-48c6-81ba-a9c8e7ae3986,ebaad462-89a1-424d-8ae3-f7ad01979522,Amuseabean Ram,ONE SIZE,4.0,4.0,20.0,In Stock,2024-01-14 10:26:53
0227a028-c263-444f-9abb-199ea3f2ef97,10bbafde-6bb5-452f-b9f9-88736221b7fe,Bartholomew Bear Bag Charm,ONE SIZE,5.0,2.0,23.0,In Stock,2024-01-14 10:26:54
bd738cf6-742c-4db0-8afe-c03b7d788cdb,8adc3e64-8e88-4a48-af3c-2b35f6d7247a,Bashful Luxe Bunny Rosa,HUGE,20.0,8.0,85.0,More on the way,2024-01-14 10:26:57
0b77581b-647f-49ec-94f9-f76f1875e613,8adc3e64-8e88-4a48-af3c-2b35f6d7247a,Bashful Luxe Bunny Rosa,MEDIUM,12.0,5.0,35.0,In Stock,2024-01-14 10:26:57
3cc7c703-8483-4db1-8469-832f1f60383d,3c1dc53b-87c3-4020-a642-29c096b61cff,Bashful Luxe Bunny Willow,HUGE,20.0,8.0,85.0,More on the way,2024-01-14 10:26:59
e655c4a1-db37-4ab3-ba5f-cb429920bb89,3c1dc53b-87c3-4020-a642-29c096b61cff,Bashful Luxe Bunny Willow,MEDIUM,12.0,5.0,35.0,In Stock,2024-01-14 10:26:59
dfff8085-2e00-4792-b0d0-60e5e5b9e3a4,11db36cf-adcc-457e-a90b-0336edf40391,Birdling Goldfinch,ONE SIZE,4.0,3.0,17.0,In Stock,2024-01-14 10:27:00
9fb66d93-4997-402e-aaaa-665dd4963946,a14ee26e-ae43-4935-94c5-06441b04306d,Birdling Swallow,ONE SIZE,4.0,3.0,17.0,In Stock,2024-01-14 10:27:02
24c6ee76-d247-4b21-9d47-d42b622c87d4,c266ab92-f188-494e-903c-df7fe7034d9f,Blowzy Belle Sheep,ONE SIZE,16.0,4.0,37.5,In Stock,2024-01-14 10:27:03
868869a8-72ef-47ed-95c9-be53eff7beff,5cf353b4-be2c-4104-8e10-155f500d7834,Fou Fou Ostrich,ONE SIZE,8.0,6.0,28.5,In Stock,2024-01-14 10:27:05
9a8e7a32-ab7c-4ebd-8825-ad529f249b8c,4e91ccab-2153-4925-87f3-9ebbde3bfe10,Fou Fou Peacock,ONE SIZE,8.0,6.0,28.5,In Stock,2024-01-14 10:27:07
f9b207f1-d41f-4738-ad85-1683e159146d,18888bcb-332b-443c-88e0-341bffcdef29,Fuzzkin Monkey,ONE SIZE,9.0,4.0,25.0,In Stock,2024-01-14 10:27:08
6a4e764e-bdfe-419c-b933-d93e936de93c,87adaf69-5f35-4e03-be47-420228bc3aef,Ginny Goat,ONE SIZE,10.0,6.0,35.0,In Stock,2024-01-14 10:27:10
1a0253d7-acbb-495a-b245-77055bcf4806,79e4580e-6de3-48bb-ae22-c4e37cc81fc8,Gracie Grouper Fish,ONE SIZE,4.0,10.0,30.0,In Stock,2024-01-14 10:27:12
51cb3d17-d022-4d96-a587-bd58aee871fa,c315cb38-7f57-4483-bdfa-706b19b5f07a,Hector Fox Terrier,ONE SIZE,9.0,4.0,35.0,In Stock,2024-01-14 10:27:14
4da98192-b270-4952-a6c5-532a1da0e278,6ceff290-ef3b-4781-83c5-1a775cb12c3f,Jinx Monster,ONE SIZE,17.0,6.0,35.0,In Stock,2024-01-14 10:27:17
3184d115-de83-4a0b-9a1f-18a49510bc9c,61cee572-2656-4866-b44f-008ea0e2764a,Jollipop Cat,ONE SIZE,8.0,4.0,23.5,In Stock,2024-01-14 10:27:20
3dca500f-e313-40a6-9017-5590beefeb9b,551f4425-23a1-4ff1-a02d-9891282597e2,Jollipop Puppy,ONE SIZE,8.0,4.0,23.5,In Stock,2024-01-14 10:27:22
37a90716-865a-4fb4-a2ce-fabbff181584,f5d9ede6-f337-4e4f-b41e-0f61e0bb19e2,Little Monkey,ONE SIZE,7.0,4.0,22.0,In Stock,2024-01-14 10:27:24
f4efba70-3281-412a-8453-29a67ff35a33,6ac30b7f-ad63-49f1-a6b5-b592d6897fc6,Lavender Dragon,HUGE,7.0,26.0,120.0,In Stock,2024-01-14 10:27:26
873f62db-6b7e-4a98-8e99-41652a55e7ad,6ac30b7f-ad63-49f1-a6b5-b592d6897fc6,Lavender Dragon,MEDIUM,5.0,20.0,65.0,In Stock,2024-01-14 10:27:26
d3db7b39-3226-4b81-a782-bdae4efd2b98,6ac30b7f-ad63-49f1-a6b5-b592d6897fc6,Lavender Dragon,LITTLE,3.0,12.0,32.5,In Stock,2024-01-14 10:27:26
65cc2e82-3e31-40a0-89e2-3077f7d83bef,6f899e45-0c2a-4558-8c9c-e2cf9faf7c3c,Lila Ballerina Bunny,ONE SIZE,13.0,2.0,35.0,In Stock,2024-01-14 10:27:28
d10030f4-eed3-4576-a990-e8a9ee92edd4,e6fe3e91-f237-4c7f-b3e8-92dbe72fc468,Madison Monkey,ONE SIZE,13.0,2.0,32.5,In Stock,2024-01-14 10:27:29
459a604f-056e-4235-aee8-839b2d5f94ba,3db64755-7461-4242-b4ed-f05b2ea30163,Ollivander the Orca,ONE SIZE,9.0,25.0,70.0,In Stock,2024-01-14 10:27:31
2d28a406-f20b-43c6-b6a3-a47ae34f310f,1eb47299-5e0b-4a79-bdf7-1e92f965c32d,Oswald Orangutan,ONE SIZE,13.0,12.0,65.0,In Stock,2024-01-14 10:27:33
d682a8f0-bfcb-4c39-acfe-814f5144af1b,d3a07c31-ff2d-460d-a0c3-f6d8db8be91d,Personalised Bashful Luxe Bunny Willow Huge,HUGE,20.0,8.0,91.0,In Stock,2024-01-14 10:27:35
452413ba-b569-4c56-9b80-9dac27be78c2,66a82a8d-6188-4b48-9c89-b70eebf66eb0,Personalised Bashful Luxe Bunny Rosa Medium,MEDIUM,12.0,5.0,41.0,In Stock,2024-01-14 10:27:36
45793614-9ebc-4dd8-a4cc-6d9d6e88f5dd,d4c1256e-1962-44b4-95ad-70bd05c1a6f1,Personalised Bashful Luxe Bunny Willow Medium,MEDIUM,12.0,5.0,41.0,In Stock,2024-01-14 10:27:38
576a465a-f4a2-40c4-8c88-80b63024fdb1,caab051c-5858-459f-9d64-4f1189583454,Personalised Lavender Dragon Huge,HUGE,7.0,26.0,126.0,In Stock,2024-01-14 10:27:40
5a7a9749-0fea-4c95-8601-c573a8101124,891af001-6e69-413f-8e83-1a44166159cc,Pippa Black Labrador,ONE SIZE,9.0,4.0,33.0,In Stock,2024-01-14 10:27:42
effbd81c-488e-4b90-954a-e58a54a1abc8,d49e21a0-c5d8-468f-aa1a-b6ef2cca8fa6,Quaxy Elephant,ONE SIZE,10.0,6.0,35.0,In Stock,2024-01-14 10:27:43
a90a89d3-bbc9-40f4-adea-f7f8a5b0302d,ffa2a8da-0766-4ec3-96d7-c893ad167128,Quaxy Pig,ONE SIZE,10.0,6.0,35.0,In Stock,2024-01-14 10:27:45
8a4896bf-b702-49db-86f1-5d19989980f0,d0ea3ceb-9854-4b0c-a3fa-24c54ac7c512,Ramonda Ostrich,ONE SIZE,22.0,6.0,40.0,In Stock,2024-01-14 10:27:47
12f3e479-c59b-4f80-81d2-31d6f1b6f5e9,fde75dda-6cfe-4943-9d23-4a0fecd3567b,Rock-a-Bye Kitten,ONE SIZE,7.0,4.0,30.0,In Stock,2024-01-14 10:27:48
88426ea6-4e5a-442b-b239-89031d942dec,3fee7e74-b271-4a3f-99c3-56b3b28b9107,Sweetsicle Bunny,ONE SIZE,6.0,3.0,20.0,In Stock,2024-01-14 10:27:50
daf51e7d-4e96-4e44-a196-4a52b5812ee5,d0eff34a-087d-49ca-9613-d42f78d2a68b,Syd Salamander,ONE SIZE,10.0,4.0,27.5,In Stock,2024-01-14 10:27:51
242006d3-c1fa-4871-baef-5fb2695cffd7,d0d385f8-dc4b-407b-a8e3-8b4971f54daa,Bashful Hot Pink Bunny,MEDIUM,12.0,5.0,28.0,In Stock,2024-01-14 10:27:54
9be35a23-413c-4e5a-851e-224a8f64791a,d0d385f8-dc4b-407b-a8e3-8b4971f54daa,Bashful Hot Pink Bunny,SMALL,7.0,4.0,18.0,In Stock,2024-01-14 10:27:54
3e0d53fb-1f7c-4f17-a1d2-95f21766cccc,cc820fd8-7a39-4f0c-a9ea-92a559e5f1ab,Bashful Sunshine Bunny,MEDIUM,12.0,5.0,28.0,In Stock,2024-01-14 10:27:56
53081ee0-7a2c-48af-9176-58ff4c8c83a9,cc820fd8-7a39-4f0c-a9ea-92a559e5f1ab,Bashful Sunshine Bunny,SMALL,7.0,4.0,18.0,In Stock,2024-01-14 10:27:56
2d1a55c4-606a-42d1-af67-a149af9b8aad,d8dbf546-6ac2-4f00-9607-52d752fe7924,Goodnight Bunny Book,ONE SIZE,7.0,7.0,15.0,In Stock,2024-01-14 10:27:58
fe03f097-5b57-45e6-8f27-f83b10956c41,981d4f4b-f4b4-4390-a3b9-a7c7c991ab68,Bluebell Butterfly,ONE SIZE,8.0,13.0,33.0,In Stock,2024-01-14 10:27:59
9b04540f-47e7-4b0c-b0fe-c0aadd8038be,d1d66650-e1d1-42f3-b882-7b9e8f0ecd6c,Bonnie Bunny with Egg,ONE SIZE,6.0,3.0,23.5,In Stock,2024-01-14 10:28:01
1558c3a1-c285-4fa1-9e0c-be6e794f01f7,2df487a7-dd28-41ed-a018-3cb3a8238e76,Burly Boo Sheep,ONE SIZE,7.0,5.0,25.0,In Stock,2024-01-14 10:28:03
ecab0bb7-9373-4267-a0c0-486b857f585e,7b518d36-f563-402f-b9ff-2ddf97d27668,Cluny Cockerel,ONE SIZE,9.0,5.0,35.0,In Stock,2024-01-14 10:28:04
038382a8-ff6a-47e3-b4ba-07f1de45d6ee,da6331e1-e5ff-4f6f-a7cd-9871e7edf904,Escarfgot Purple,ONE SIZE,6.0,3.0,20.0,In Stock,2024-01-14 10:28:06
15c5b293-19af-4f1c-bb47-acd9b050b47a,8ab223cc-2415-4a4d-bb74-3fabfb299868,Escarfgot Pink,ONE SIZE,5.0,2.0,20.0,In Stock,2024-01-14 10:28:07
ebaee9ff-c7bc-4f61-86ee-8b58d967c9dc,e66b3af8-8f13-45d2-8acc-73e9a64979aa,Bashful Hot Pink Bunny with Personalised Cream Jumper,MEDIUM,12.0,5.0,38.0,In Stock,2024-01-14 10:28:09
63a5b862-529c-4c6b-8d67-9bc1899969f1,79eb8fd3-56ac-49d4-8a38-61fc3df87d49,Bashful Sunshine Bunny with Personalised Cream Jumper,MEDIUM,12.0,5.0,38.0,In Stock,2024-01-14 10:28:11
fc127c7f-33d7-41a0-a64f-b12e5a20d445,e7a1e7c4-3d45-460d-a2f4-9f7b6cb056c6,Bashful Hot Pink Bunny with Personalised Navy Jumper,MEDIUM,12.0,5.0,38.0,In Stock,2024-01-14 10:28:13
e1d83fb2-1149-48a7-b298-cd3faacf46ca,3d33660d-d045-453d-8528-0bfd2a63f708,Bashful Sunshine Bunny with Personalised Navy Jumper,MEDIUM,12.0,5.0,38.0,In Stock,2024-01-14 10:28:15
ecabc6b6-e721-4e3c-a0ce-ec6d07fc3025,25702d0d-a147-4fe7-8eb6-c2d622ca481f,Bashful Sunshine Bunny with Personalised Red Jumper,MEDIUM,12.0,5.0,38.0,In Stock,2024-01-14 10:28:17
96e17f7c-3ea7-436d-9f44-9173fb109ae3,0d4127c0-dc91-4b3c-88c4-6ebfb00a2ca5,Layla Ladybird,ONE SIZE,3.0,6.0,25.0,In Stock,2024-01-14 10:28:19
b3c661cb-bd41-4a71-9462-e2ab28d6f3c0,417e88b2-fdac-4c69-bd9e-c492754e10ef,Nesting Bunnies,ONE SIZE,4.0,6.0,35.0,In Stock,2024-01-14 10:28:20
9cd6e068-0898-48f0-88f5-da0759d3d1da,3008ab2a-bc96-41ef-b7ed-8e2b1debf31c,Personalised Bashful Hot Pink Bunny Medium,MEDIUM,12.0,5.0,34.0,In Stock,2024-01-14 10:28:22
1e633930-efd1-48e2-a2d2-83e0d74e307f,28ee72db-92b1-4542-8885-a060211f09f4,Personalised Bashful Sunshine Bunny Medium,MEDIUM,12.0,5.0,34.0,In Stock,2024-01-14 10:28:24
dd2cfe11-08c4-457f-8f98-0627a8960f75,1740db5e-5d3e-4dfe-b7b0-c6c53e9720ba,Yummy Bunny Silver,ONE SIZE,6.0,4.0,20.0,In Stock,2024-01-14 10:28:26
5522f8e3-4f6b-4ec7-a289-3339fa253fc1,390d7638-ba3b-4e83-a1fd-7fd1978a8ec9,Blossom Heart Blush Bunny,ONE SIZE,6.0,3.0,17.5,In Stock,2024-01-14 10:28:28
36aabe36-2057-4f79-8b20-f0142d31741b,362e22bc-9eb7-40d0-b9b9-0cfabf66c647,Blossom Heart Tulip Bunny,ONE SIZE,6.0,3.0,17.5,In Stock,2024-01-14 10:28:29
7b48461c-34f6-409b-8e14-5c23da2db85a,ffb89038-5b48-4495-b210-7341fcaa7031,Crowning Croaker Green Frog,ONE SIZE,5.0,3.0,17.5,In Stock,2024-01-14 10:28:31
f2a2c0ad-3c0f-43b3-b0da-a6a4c2b8a04b,45181bce-cf3c-41b4-8f94-d0e7d7dce26e,Love-Me Lobster,ONE SIZE,6.0,3.0,24.0,In Stock,2024-01-14 10:28:32
6a09a9ac-d10e-4c3d-9a8b-a3ac11fd45f5,ba3d3afa-efc4-49a8-b4bb-182b2d3cdecc,Ambrosie Fox,ONE SIZE,9.0,5.0,35.0,In Stock,2024-01-14 10:28:34
1c6a99a1-7821-498b-b56c-5c042acd4c48,5a4b3f99-187d-4c4a-998c-8b2a5fa8bec3,Ambrosie Hare,ONE SIZE,9.0,4.0,35.0,In Stock,2024-01-14 10:28:35
8e56c2eb-dfe1-4326-878c-ce2b6c1183b1,f06882bd-90cc-47e7-9605-88f11c9daae4,Anoraknid Black Spider,ONE SIZE,5.0,4.0,20.0,In Stock,2024-01-14 10:28:37
f15bed6a-f440-4a4d-a65c-f3fb48321a1a,ff5fc5af-17ee-48b9-bff0-7f7b15ba359a,Andie Axolotl,MEDIUM,11.0,5.0,32.5,In Stock,2024-01-14 10:28:39
d130ebea-df75-4e8f-9fe6-2a1ae5f1e465,ff5fc5af-17ee-48b9-bff0-7f7b15ba359a,Andie Axolotl,SMALL,7.0,2.0,22.0,Out of stock,2024-01-14 10:28:39
38da1ed5-1b08-4193-bc0d-9aa610b47da4,90b93e16-726e-4b83-bf09-68685fe473d1,Bashful Golden Bunny,MEDIUM,12.0,5.0,28.0,In Stock,2024-01-14 10:28:41
f1b81d1d-af45-4580-b419-94bd08697940,90b93e16-726e-4b83-bf09-68685fe473d1,Bashful Golden Bunny,SMALL,7.0,4.0,18.0,In Stock,2024-01-14 10:28:41
def8a600-4461-40af-bd74-2e82b1cde934,9d7dd304-2fc1-4c4c-be79-9860d89504c8,Bashful Mineral Blue Bunny,MEDIUM,12.0,5.0,28.0,In Stock,2024-01-14 10:28:44
e8a2c158-a0bc-48c8-922f-4f6a4775c791,9d7dd304-2fc1-4c4c-be79-9860d89504c8,Bashful Mineral Blue Bunny,SMALL,7.0,4.0,18.0,Out of stock,2024-01-14 10:28:44
c9c77cfa-4987-4d56-a069-46c4151fce7e,039044d9-53d3-4bb0-be80-e08d0e417cf4,Bashful Wolf,MEDIUM,12.0,5.0,28.0,In Stock,2024-01-14 10:28:45
64ee725b-b0fe-4ce4-821a-e384c7dedecb,3b6f66be-08dd-4557-81f8-cdacf3710a54,Wrapabat Black,ONE SIZE,6.0,2.0,20.0,In Stock,2024-01-14 10:28:47
e33ad9c8-4102-4377-b4a0-362a234cc261,4ea36fa8-6b9d-44e0-be1a-3fb8af2fde18,Beatnik Buddy Poodle,ONE SIZE,11.0,3.0,28.0,In Stock,2024-01-14 10:28:49
fb527c06-7fcd-48e2-abfd-eac25acddb66,162dfc8d-b55b-4aba-9d51-7b9128a8c412,Beatnik Buddy Sausage Dog,ONE SIZE,11.0,3.0,28.0,In Stock,2024-01-14 10:28:51
f71a5752-6669-406d-9765-6ec0216e4030,977d6b7a-2a15-478b-89e5-b3b585113136,Daddy Loves Me Book,ONE SIZE,6.0,6.0,20.0,In Stock,2024-01-14 10:28:53
6da6ba2b-9e7f-493f-9c4d-f7961b184ba5,f9125f8a-96c0-4880-8e93-dd532b9f4b7f,Mummy Loves Me Book,ONE SIZE,6.0,6.0,20.0,In Stock,2024-01-14 10:28:54
91624a65-391c-42d3-b8f3-fc88808d3d7e,86f137ff-9775-4ea6-865b-e2bdc73dfa21,Backpack Wolf,ONE SIZE,9.0,4.0,30.0,In Stock,2024-01-14 10:28:56
bd920088-8ff6-43dc-9fd7-7c3d5efe06cf,3c5ab2ca-f641-4a16-9c06-090491b3421f,Big Spottie Unicorn,ONE SIZE,17.0,6.0,75.0,In Stock,2024-01-14 10:28:57
30adf305-f99c-4395-8373-3b2b2ac714f6,522a3b92-3639-47d2-ba08-ad0fa242b1ba,Cozy Crew Seahorse,ONE SIZE,7.0,2.0,25.0,In Stock,2024-01-14 10:28:59
114a30a2-d334-4230-ae7e-df61fc57a955,e7b1b994-1317-462f-8c0b-0bfb11fd8558,Davey Dilophosaurus,ONE SIZE,11.0,5.0,32.5,In Stock,2024-01-14 10:29:01
281b5c27-7860-4a6b-930d-932b8f0bc3d1,80506e20-ff8d-423f-a4e5-db593621c8b3,Delano Dorado Fish,ONE SIZE,5.0,10.0,27.5,In Stock,2024-01-14 10:29:02
1b38bed8-68c1-477f-8b79-4542cba1df97,477f9e32-ea18-4cef-ac1f-aa28e91bdd3f,Evelyn Swan,ONE SIZE,19.0,6.0,40.0,In Stock,2024-01-14 10:29:04
fd5fb971-fa60-4344-95bb-97f755473a3e,8f53f90a-0d77-4e8f-8a46-4989fca1ae67,Fishiful Blue,ONE SIZE,5.0,6.0,17.5,In Stock,2024-01-14 10:29:06
13e09590-af88-4f2d-adaa-790103a58bbf,10a8c74e-d300-44ae-b161-686901f0c1e0,Fishiful Orange,ONE SIZE,5.0,6.0,17.5,In Stock,2024-01-14 10:29:07
37e72b31-ae54-497f-9869-cdb358719523,103712b4-93dc-4fac-8a45-79a0cc675fb8,Fishiful Pink,ONE SIZE,5.0,6.0,17.5,In Stock,2024-01-14 10:29:09
3d5dd6fd-e031-4394-ab6e-067bd982597c,6ed9d8d7-9512-4673-82c7-372137d7d224,Forest Fauna Bear,ONE SIZE,7.0,6.0,32.5,In Stock,2024-01-14 10:29:10
ba8c4059-5e45-4df6-a3b1-f62daf2e8df7,ed049769-6413-4404-849c-556eb83647fb,Forest Fauna Frog,ONE SIZE,8.0,4.0,32.5,In Stock,2024-01-14 10:29:12
1413d96d-984e-4f02-b23a-ca74a748e481,b1819983-7729-47a7-8be4-a482025252ff,Forest Fauna Owl,ONE SIZE,7.0,4.0,32.5,In Stock,2024-01-14 10:29:14
e1b18b7a-31d2-40ca-b391-5d5fc8decc15,908a4b67-5af0-44ef-aefa-3a09ea4a8471,Freddie Sausage Dog,LARGE,7.0,7.0,30.0,Out of stock,2024-01-14 10:29:15
75770801-5062-4310-885a-8e78616b8898,908a4b67-5af0-44ef-aefa-3a09ea4a8471,Freddie Sausage Dog,SMALL,5.0,7.0,22.0,In Stock,2024-01-14 10:29:15
7c6cb50d-f7e6-4897-89a5-b30bb4931ea0,0ce92f2d-cdd9-4b8a-be9b-050e4e739fbe,Gilbert the Great Blue Whale,ONE SIZE,7.0,22.0,85.0,In Stock,2024-01-14 10:29:17
290cbd8d-41ce-4f53-8832-60e3c7d7dfd4,675ab873-7969-4199-9bac-154e93311ad3,Glamorama Cat,ONE SIZE,16.0,4.0,40.0,In Stock,2024-01-14 10:29:18
1b603b03-c188-4d11-9d00-da0fce3378f0,640739bb-5a99-4d88-9572-3db28c85efe4,Glamorama Pig,ONE SIZE,11.0,6.0,40.0,In Stock,2024-01-14 10:29:20
d85e9fc2-4d9a-4ae2-bae2-c11319a7d625,45a468dd-6b6a-4648-aed9-86f867f2a299,Grizzo Gremlin,ONE SIZE,11.0,4.0,35.0,In Stock,2024-01-14 10:29:22
a27c72fd-74da-44eb-9f39-b4be18fa6f13,2c425cd4-7f36-4022-9b2f-40d220adc477,Hamish Hedgehog,ONE SIZE,8.0,16.0,75.0,In Stock,2024-01-14 10:29:23
954cbf3b-7051-45f3-898c-a298636c9ce7,30004c0b-5c5c-4e1e-914e-3c6180d5e3b5,Humphrey the Humpback Whale,ONE SIZE,8.0,20.0,85.0,In Stock,2024-01-14 10:29:25
35c10032-07fc-4033-8b22-e48bf16f34e8,72fd8ddc-18d4-4bf4-ab5e-bd2b83b1adf6,Bashful Golden Bunny with Personalised Cream Jumper,MEDIUM,12.0,5.0,38.0,In Stock,2024-01-14 10:29:26
aeb53392-d3f7-40b5-ad9f-6d6c1532efff,84172fdd-9032-40ef-b7cb-1817aeabba89,Bashful Mineral Blue Bunny with Personalised Cream Jumper,MEDIUM,12.0,5.0,38.0,In Stock,2024-01-14 10:29:28
715623c2-b711-480c-b31c-4db2e89ea5c6,e27ec0a4-649b-4284-a030-ffe4fd29147e,Bashful Golden Bunny with Personalised Navy Jumper,MEDIUM,12.0,5.0,38.0,In Stock,2024-01-14 10:29:30
040ae4b9-c976-473f-adbc-01c88dba747b,db858f9f-4df1-49e0-b125-7ef56ed0f6f2,Bashful Mineral Blue Bunny with Personalised Navy Jumper,MEDIUM,12.0,5.0,38.0,In Stock,2024-01-14 10:29:32
e10346b6-c7e9-4dbe-b66f-c685899c3b35,23f8f27a-d93d-4cc8-9525-39424ab2932a,Bashful Golden Bunny with Personalised Red Jumper,MEDIUM,12.0,5.0,38.0,In Stock,2024-01-14 10:29:34
595fcebf-e55a-43aa-8bc2-3b834904db39,9835ad23-3570-4794-95ea-89398172f98d,Bashful Mineral Blue Bunny with Personalised Red Jumper,MEDIUM,12.0,5.0,38.0,In Stock,2024-01-14 10:29:35
c48842c5-f2d1-48b4-bfa0-116c9449b882,f3b9145c-48aa-4b6a-a357-fcfe42d8e2b5,Bashful Wolf with Personalised Red Jumper,MEDIUM,12.0,5.0,38.0,In Stock,2024-01-14 10:29:37
bf98d889-80c0-46a9-894c-536c1b2a1aac,a32e7de6-0c7e-421f-9e39-6e879b8286ae,Little Tiger,ONE SIZE,7.0,4.0,22.0,In Stock,2024-01-14 10:29:39
c9acf410-a638-49f1-8df8-41235f53eecd,9d0e656c-2485-4c68-b58a-f6439b39bb35,Letty Jellyfish,ONE SIZE,23.0,6.0,39.5,In Stock,2024-01-14 10:29:40
91173ab3-992e-47d2-8f03-29a6d3a5d86f,faf2d43f-53f7-4f03-a3d3-bb0034494370,Napping Nipper Dog,ONE SIZE,4.0,6.0,25.0,In Stock,2024-01-14 10:29:42
2e7187fd-8e83-4b19-957d-3cd22be2efc5,720e4857-da77-4282-87c6-e762e4f1c14c,Nippit Beaver,ONE SIZE,5.0,3.0,15.0,In Stock,2024-01-14 10:29:44
427efc8d-5422-45a0-9251-6c76ba7fd951,d6ba67ab-75b9-42ff-a099-6b74bcc63162,Nippit Owl,ONE SIZE,5.0,3.0,15.0,In Stock,2024-01-14 10:29:45
4746f063-3878-44b4-870a-8c40595845fb,18184e77-e85c-4fef-baa6-f210ada4e6e9,Oakley Owl,ONE SIZE,9.0,5.0,32.5,In Stock,2024-01-14 10:29:47
581ef00c-89b9-4137-bb51-4e0e99a70d55,e9679856-3e8b-433a-bb68-d55b20036cbf,Oberon Owl,ONE SIZE,10.0,5.0,30.0,In Stock,2024-01-14 10:29:48
f259a210-c4a2-482e-9779-f415749af9bb,eb803847-0355-4066-9f36-6b1da3db15cc,Pongo Orangutan,HUGE,23.0,7.0,65.0,In Stock,2024-01-14 10:29:50
8c242360-4c9d-4b2f-8081-1044494a0caf,6d99b041-c8e5-4220-9a96-6738e6d1fd14,Otto Sausage Dog,HUGE,11.0,13.0,75.0,Out of stock,2024-01-14 10:29:52
9231bcd6-2ef5-4f76-8b14-6fbbaab0c9ab,6d99b041-c8e5-4220-9a96-6738e6d1fd14,Otto Sausage Dog,LARGE,7.0,7.0,30.0,More on the way,2024-01-14 10:29:52
3ceb7a93-6eea-40a6-b33b-bd2170d392c0,6d99b041-c8e5-4220-9a96-6738e6d1fd14,Otto Sausage Dog,SMALL,5.0,7.0,22.0,In Stock,2024-01-14 10:29:52
1b67866f-af99-4a41-a06f-3187caca4276,302f5410-67fa-4347-a6ae-f184f4b93a06,Personalised Bashful Golden Bunny Medium,MEDIUM,12.0,5.0,34.0,In Stock,2024-01-14 10:29:54
f3219730-878d-4838-8cb2-74b5630b5d9a,f5c41a6a-66cb-4a9e-a276-78026649a62f,Personalised Bashful Mineral Blue Bunny Medium,MEDIUM,12.0,5.0,34.0,In Stock,2024-01-14 10:29:56
0b2a1e4e-829c-49b7-8ffd-0ff5a7009af9,fc0fc2a6-4572-4f23-a707-2c98060f8986,Pip Monster,SMALL,9.0,4.0,22.5,In Stock,2024-01-14 10:29:57
12997f9d-41dd-444f-9403-c0e28a955886,a635b2e6-297a-45c7-9efd-3fa305ea6f9d,Rock-a-Bye Mouse,ONE SIZE,7.0,4.0,30.0,In Stock,2024-01-14 10:29:59
ff6f0655-641e-4893-bdb0-b96a3415c92b,7e52a5ab-f9b8-4497-840a-0b0ab36fcc37,Sweater Sausage Dog Pink,ONE SIZE,6.0,3.0,32.5,In Stock,2024-01-14 10:30:00
966c9ca3-b66b-403e-869a-2ba8a96f0642,7a57f591-600b-43cf-a2d5-52402f88a0fd,Sweater Sausage Dog Yellow,ONE SIZE,6.0,3.0,32.5,In Stock,2024-01-14 10:30:02
f1b92410-4fee-4b5f-8efe-088064abf502,dfa687ba-c079-4627-90f6-641fd1a011d2,Seraphina Pegasus,ONE SIZE,9.0,20.0,68.5,In Stock,2024-01-14 10:30:04
8ef79493-f09c-4abc-b4e2-e246b6d0ff20,903159ae-b8f0-42a4-8933-2823ddc47d55,Sigmund Seal,ONE SIZE,7.0,13.0,50.0,In Stock,2024-01-14 10:30:06
2a816a1c-5818-411b-b5c0-d36608f15be0,fe643453-e03b-46a6-8427-bfc2a6ea57cc,Snoozling Hedgehog,ONE SIZE,11.0,6.0,36.0,In Stock,2024-01-14 10:30:08
9ef95fe5-e565-4391-a29e-90bddfc20e35,bcf793e1-4d3e-4a06-8d6e-eb084e0f2f31,Spindleshanks Crab,ONE SIZE,3.0,15.0,33.0,In Stock,2024-01-14 10:30:09
f6e0f829-e148-4bc2-920c-2bf8a032bbb3,acbcc093-9937-4df1-824c-ed79a8aa3d57,Splootie Elephant,ONE SIZE,7.0,22.0,68.0,In Stock,2024-01-14 10:30:11
09a2cda5-e334-41e2-a2e5-22137e892cbe,5c3dd9fa-dda1-4de7-8f16-8180ffb69516,Birdling Robin,ONE SIZE,4.0,3.0,17.0,In Stock,2024-01-14 10:30:12
f658f315-5ce6-4429-b9b1-481383b1a589,02f18eb4-5be6-4f84-823a-f5e8b9e21f87,Shimmer Stocking Bunny,ONE SIZE,8.0,4.0,28.5,In Stock,2024-01-14 10:30:14
5fdf9706-44c8-48d8-9585-18715df18465,e3c89d95-4ae2-44e2-951c-e7e1a5f83451,Ambalie Bear,ONE SIZE,9.0,6.0,30.0,In Stock,2024-01-14 10:30:15
1ac8a86e-e559-4066-8f47-88b2aa3bb0ac,f1047281-6548-4311-a808-1de972c0ea5e,Ambalie Bunny,ONE SIZE,9.0,6.0,30.0,In Stock,2024-01-14 10:30:17
971b3aa5-b670-420f-8e2d-d88cd9cc86e8,0df054d3-c4ee-41cb-85cd-c05c99c57a2e,Bashful Zebra,MEDIUM,12.0,5.0,28.0,In Stock,2024-01-14 10:30:19
09a72bc1-a3ce-4521-a3a0-28612d8a6f83,9656dcb3-81ef-4d65-8fbb-66fffa303af0,If I Were An Owl Book,ONE SIZE,6.0,6.0,13.5,In Stock,2024-01-14 10:30:21
ba5a191e-7bdd-47f8-a8ed-d94ad803c92c,0a1d2b68-9595-4307-8553-90ff83eeb67b,Betty Corgi,HUGE,13.0,13.0,75.0,More on the way,2024-01-14 10:30:23
9d4ea9e5-e6b2-4233-b122-8086672666a0,0a1d2b68-9595-4307-8553-90ff83eeb67b,Betty Corgi,MEDIUM,7.0,10.0,30.0,In Stock,2024-01-14 10:30:23
b1bff3fb-77f9-4a5c-a8aa-d27507fa3b5a,98095e6d-f944-4582-8436-1490a157ebc1,Big Spottie Giraffe,ONE SIZE,19.0,6.0,75.0,In Stock,2024-01-14 10:30:24
924a9f90-a2e1-4e5f-8e64-2a698da44f05,d6ee901a-43e9-4747-9285-1978fc32052a,Big Spottie T-Rex,ONE SIZE,18.0,6.0,75.0,In Stock,2024-01-14 10:30:26
7cd3cc48-f492-4020-94c7-ddc498464278,04f9c591-ad50-4be0-a123-1ca0a036c634,Cruz Crested Newt,ONE SIZE,12.0,4.0,32.5,In Stock,2024-01-14 10:30:28
04e38ce6-1938-40b7-847b-48f6ad20b806,40937c2a-0c2d-45bc-946d-9776db46edde,Cooper Doodle Dog,ONE SIZE,9.0,8.0,33.0,In Stock,2024-01-14 10:30:32
fe367bc9-a453-4c62-bf60-206e0fee78f5,051d8499-e9db-498b-b9ad-73c61256570a,Flumpie Frog,ONE SIZE,7.0,5.0,28.0,In Stock,2024-01-14 10:30:34
95bae4a2-a673-4e31-9bb6-56f1618fd5ef,6e8dcf9b-07c2-473c-b128-0f6fbb186b97,Happihoop Owl,ONE SIZE,8.0,4.0,32.0,In Stock,2024-01-14 10:30:35
aef030cb-5afc-4a67-bc2f-69487f4ef146,6d74e5da-4537-4d4f-bd21-be5cea94ec32,Harper Pup,ONE SIZE,15.0,9.0,55.0,In Stock,2024-01-14 10:30:37
84d1e37d-acd3-4842-ae26-8b9e32f5bce9,85550cab-543f-4a52-8f6a-dc386a8f9c45,Hibernating Bunny,ONE SIZE,5.0,5.0,22.0,In Stock,2024-01-14 10:30:39
10ca2032-a43b-4133-8885-10aecd44c2fa,878b6230-1122-424c-9eef-24fe23028372,Huddles Bunny,ONE SIZE,9.0,6.0,45.0,In Stock,2024-01-14 10:30:40
b8a405ff-9344-4ab0-9ae2-7548524fafd8,1d676734-e467-423d-8ee3-fad67b666e11,Huddles Duck,ONE SIZE,9.0,6.0,45.0,In Stock,2024-01-14 10:30:42
5182ff46-672a-4038-98f1-ccd0aa56b14a,3499e332-23a8-437d-ad9a-899ee5a38121,Jubjub Gookie,ONE SIZE,9.0,4.0,30.0,In Stock,2024-01-14 10:30:44
46b8c27a-7c49-47d2-8150-e98374e1e8b6,fb4e26a5-0e95-4c7b-93f3-5e65e2068d44,Mack Mudskipper,ONE SIZE,10.0,4.0,28.5,In Stock,2024-01-14 10:30:45
2bd474a7-8dd3-4d6c-9cf4-a8c147daf2cc,e6a50de0-5630-4d44-8a7a-bd1b22d868c2,Obbie Octopus,ONE SIZE,11.0,10.0,40.0,In Stock,2024-01-14 10:30:46
f80ed052-1a52-487f-9934-0aab8b075446,566c6592-cb07-47c1-b653-8a11342406e9,Orson Horse,ONE SIZE,14.0,5.0,35.0,In Stock,2024-01-14 10:30:48
68ae7383-5fdb-4f8b-b3d9-eb3ba19cc67a,4c640a34-04ef-42f2-ab38-733574c11e73,Peek-a-Boo Elly Activity Toy,ONE SIZE,6.0,5.0,32.0,In Stock,2024-01-14 10:30:50
7270dbca-2283-403d-b395-66b5108b6b41,b50003f0-a29b-4c2d-9779-d4f05d87a4c9,Penny Praying Mantis,ONE SIZE,9.0,8.0,32.5,In Stock,2024-01-14 10:30:52
8392f83a-5694-43c8-9493-912f5d934c8a,b55f3fe6-3aa9-4532-8f9d-1061d2ec0de1,Ribble Dog,ONE SIZE,14.0,4.0,30.0,In Stock,2024-01-14 10:30:53
8cba1e80-ccdd-405b-b0b4-e65e808f3b87,aa9d5141-3697-4318-bcb8-465240d97ce9,Ribble Elephant,ONE SIZE,15.0,4.0,30.0,In Stock,2024-01-14 10:30:55
e233d572-9666-462f-b580-8cea6649344b,ea13f87e-0807-4a18-b9c0-c7a6a7a9f634,Ribble Giraffe,ONE SIZE,16.0,4.0,30.0,In Stock,2024-01-14 10:30:56
ef99124b-b1bf-4f06-a3cf-9d053635eab6,d3bf7ca3-ba4f-4da7-93cd-dd4965d9ceb0,Rose Dragon,HUGE,7.0,26.0,120.0,In Stock,2024-01-14 10:30:58
f08cbe6d-ac39-46d9-85a4-b4538fe1f199,d3bf7ca3-ba4f-4da7-93cd-dd4965d9ceb0,Rose Dragon,MEDIUM,5.0,20.0,65.0,In Stock,2024-01-14 10:30:58
ed78766e-679b-406b-9b68-b44793a05130,d3bf7ca3-ba4f-4da7-93cd-dd4965d9ceb0,Rose Dragon,LITTLE,3.0,12.0,32.5,In Stock,2024-01-14 10:30:58
38be3335-0d94-4bcb-9883-e93a6edabdd0,466e85f7-5803-4418-8bdf-f1189dba37a0,Ricky Rain Frog,LARGE,10.0,12.0,60.0,In Stock,2024-01-14 10:31:00
52c9b727-ac7d-4bb9-bcc0-4399a98643f0,466e85f7-5803-4418-8bdf-f1189dba37a0,Ricky Rain Frog,MEDIUM,5.0,7.0,28.0,More on the way,2024-01-14 10:31:00
489583f2-6aa5-4eac-9b39-2a1cd7098b51,a077f2db-0f5e-49b5-9ba2-e4c5fb4212ec,Rufus Bear,LARGE,15.0,5.0,45.0,In Stock,2024-01-14 10:31:02
65916131-674e-4e74-8b95-008c081974fc,a077f2db-0f5e-49b5-9ba2-e4c5fb4212ec,Rufus Bear,MEDIUM,11.0,4.0,27.5,In Stock,2024-01-14 10:31:02
48a72aa6-3a4e-4498-a06d-6f0de1967cba,5550aa11-e8c1-4515-bb7c-e48b4e7ac8a2,Snuggler Puppy,ONE SIZE,9.0,5.0,25.0,In Stock,2024-01-14 10:31:04
1f75e73c-e77e-43d9-8268-7bf17e0d32e5,c0e50b41-4a54-4687-b7b8-fd6e2f420c12,Taylor Tiger,LARGE,6.0,18.0,80.0,More on the way,2024-01-14 10:31:06
086aa196-24a2-448b-b2c7-71baf0ee82ac,c0e50b41-4a54-4687-b7b8-fd6e2f420c12,Taylor Tiger,LITTLE,3.0,11.0,35.0,In Stock,2024-01-14 10:31:06
1305b88c-ef90-4bb5-b770-28e2672c4237,c53e4a8b-10f0-459f-acd8-f8da15d9ff6f,Willow Hedgehog,ONE SIZE,7.0,4.0,23.5,In Stock,2024-01-14 10:31:07
966b01cd-9a84-475b-b422-a5e56546c5fd,b4bbfe7a-bc9b-40cb-b948-4d3b3ef7bcc1,Wriggidig Ant,ONE SIZE,5.0,6.0,23.5,In Stock,2024-01-14 10:31:09
fc2d494d-9f3e-492b-bf40-499febcbb7ce,1497cfd2-c342-46a2-935f-c5184eb2db29,Wriggidig Bug,ONE SIZE,7.0,2.0,23.5,In Stock,2024-01-14 10:31:11
03678683-b13c-4d62-84f1-ca26c4998104,54f79371-1cf6-46ab-a6b9-df2ff17e0117,Bashful Lilac Bunny,MEDIUM,12.0,5.0,28.0,In Stock,2024-01-14 10:31:13
ead79674-6944-49cd-b423-646f869d8fb2,54f79371-1cf6-46ab-a6b9-df2ff17e0117,Bashful Lilac Bunny,SMALL,7.0,4.0,18.0,Out of stock,2024-01-14 10:31:13
a763f000-da9e-4e1f-852e-b3fa861cbf37,09f220bc-15cf-4844-9891-130877fa24dc,Bashful Fudge Bunny,MEDIUM,12.0,5.0,28.0,More on the way,2024-01-14 10:31:15
10266801-9ce6-41b1-b081-7327cb7b2c74,09f220bc-15cf-4844-9891-130877fa24dc,Bashful Fudge Bunny,SMALL,7.0,4.0,18.0,In Stock,2024-01-14 10:31:15
296c2a6d-73b7-42f4-b9a2-db559fb1f973,d396776b-8d92-4363-9c10-163b1c26a7a4,Who Can I Find Book,ONE SIZE,7.0,7.0,15.0,In Stock,2024-01-14 10:31:17
5e9db8d5-c1d0-4f59-9ff2-2513a8d9f6dd,6fc0d6d4-5589-4edf-b48a-95714f07a36c,Blossom Sage Bunny,MEDIUM,12.0,5.0,28.0,In Stock,2024-01-14 10:31:19
81548fde-d53b-4009-aea5-763ea4f19d0f,6fc0d6d4-5589-4edf-b48a-95714f07a36c,Blossom Sage Bunny,SMALL,7.0,4.0,18.0,More on the way,2024-01-14 10:31:19
fd529905-deaf-448a-b8ff-fd1d7fa54463,0a774aed-eb89-46b4-8ab3-c80f74b1b9ee,Blossom Jasmine Bunny,MEDIUM,12.0,5.0,28.0,In Stock,2024-01-14 10:31:21
36c444ad-b98d-4afc-bc18-8b40946bc294,0a774aed-eb89-46b4-8ab3-c80f74b1b9ee,Blossom Jasmine Bunny,SMALL,7.0,4.0,18.0,Returning to stock 2-3 months,2024-01-14 10:31:21
77216329-af19-4223-93cb-d025edec5643,d0857e54-7f26-4a9a-bddc-858cdc269ab2,Bashful Lilac Bunny with Personalised Cream Jumper,MEDIUM,12.0,5.0,38.0,In Stock,2024-01-14 10:31:22
1bd89550-9bf9-4b70-8ab6-0e452b40a2e9,47bfbe88-920f-4424-933d-d2af9a8fe0b2,Bashful Petal Bunny with Personalised Cream Jumper,MEDIUM,12.0,5.0,38.0,In Stock,2024-01-14 10:31:24
acf28596-8066-484c-bfac-0519a9902c5e,85548519-b149-46ae-8e4b-ad9e3a88645c,Blossom Sage Bunny with Personalised Cream Jumper,MEDIUM,12.0,5.0,38.0,In Stock,2024-01-14 10:31:26
5b068c7b-583a-47d9-8ea9-306db6807ca2,e32322c2-2667-4180-96fa-c2a1a10030cb,Blossom Jasmine Bunny with Personalised Cream Jumper,MEDIUM,12.0,5.0,38.0,In Stock,2024-01-14 10:31:28
4857e0d3-fb07-457a-aa33-0e59c1d07d8a,c71bd11c-fe8d-4146-90ee-0d45a255810f,Bashful Lilac Bunny with Personalised Navy Jumper,MEDIUM,12.0,5.0,38.0,In Stock,2024-01-14 10:31:29
fee2d1e2-6259-4a48-8bf6-7d2488d1bc7f,1244e630-0080-4fa5-9db4-d5ca8f92250d,Bashful Petal Bunny with Personalised Navy Jumper,MEDIUM,12.0,5.0,38.0,In Stock,2024-01-14 10:31:31
faf2dba9-92aa-4e44-b5e0-4e5c25ae2f99,43fa4482-0ae9-4206-a367-1a8467f56a57,Blossom Sage Bunny with Personalised Navy Jumper,MEDIUM,12.0,5.0,38.0,In Stock,2024-01-14 10:31:33
8d9a78d6-cbcc-4e19-9ff4-088734178697,0d36ba21-62b0-40ce-94c0-b0b67f9d15c9,Blossom Jasmine Bunny with Personalised Navy Jumper,MEDIUM,12.0,5.0,38.0,In Stock,2024-01-14 10:31:35
11044b44-05fc-4599-9d03-fe8f37926a1f,55caab0e-3947-445a-9fca-96523254089e,Bashful Lilac Bunny with Personalised Red Jumper,MEDIUM,12.0,5.0,38.0,In Stock,2024-01-14 10:31:37
5fb56b9f-a64b-4c02-a1f6-48047391a449,f433e369-d16c-436f-bafd-39fd61b447d2,Bashful Petal Bunny with Personalised Red Jumper,MEDIUM,12.0,5.0,38.0,In Stock,2024-01-14 10:31:39
170dfde1-3bcc-4dd8-a8a9-5b73be4b4720,e70898f4-534c-4e25-ba38-c6641bd7b321,Blossom Sage Bunny with Personalised Red Jumper,MEDIUM,12.0,5.0,38.0,In Stock,2024-01-14 10:31:41
5f62c833-681d-40ba-982b-c74516d3e870,845e4506-dc1a-4e6d-b388-275081078ecb,Blossom Jasmine Bunny with Personalised Red Jumper,MEDIUM,12.0,5.0,38.0,In Stock,2024-01-14 10:31:43
76f5eb81-e09d-401d-a643-21bd3005b4fc,03f59529-be37-4042-964b-af2db2ca49fe,Personalised Bashful Lilac Bunny Medium,MEDIUM,12.0,5.0,34.0,In Stock,2024-01-14 10:31:45
343bd05a-9c3a-4d86-abe4-d640663a2841,2c84cffb-28bc-4f37-8433-e2da23777472,Personalised Bashful Petal Bunny Medium,MEDIUM,12.0,5.0,34.0,In Stock,2024-01-14 10:31:47
cbf46467-5401-443e-9115-7fcd50d441cb,fe7c6bfd-4716-4328-bc77-3a8c8ba2620f,Alice Axolotl,MEDIUM,11.0,5.0,32.5,More on the way,2024-01-14 10:31:49
e1f77d83-d377-4930-a1f1-8cde70159487,fe7c6bfd-4716-4328-bc77-3a8c8ba2620f,Alice Axolotl,SMALL,7.0,2.0,22.0,In Stock,2024-01-14 10:31:49
68fee200-c824-4dc1-8fdb-b3fe15434e81,7a2d07c4-3e1d-4df1-bb2a-e50111903847,Bashful Shimmer Bunny,MEDIUM,12.0,5.0,28.0,In Stock,2024-01-14 10:31:51
e20f1e5e-795d-4951-a073-43c924268d71,7a2d07c4-3e1d-4df1-bb2a-e50111903847,Bashful Shimmer Bunny,SMALL,7.0,4.0,18.0,In Stock,2024-01-14 10:31:51
e292d5b3-10f5-4521-87fa-b620e9ee2532,d5b1ff5c-b3ef-4789-ba4e-dc8b98970ac1,If I Were A Pony Book,ONE SIZE,6.0,6.0,13.5,In Stock,2024-01-14 10:31:52
e74845ce-2f3b-4df7-ac87-a2a052400f68,fd4b8cc1-065a-4dab-ba5d-9e20868e1464,Blossom Bea Beige Bunny Comforter,ONE SIZE,10.0,9.0,17.0,In Stock,2024-01-14 10:31:54
11946eb7-0a9a-49e4-bd4c-5dad03d3541f,c4bf7c00-5f3c-429b-8565-8236d8a29601,Cozy Crew Octopus,ONE SIZE,8.0,4.0,25.0,In Stock,2024-01-14 10:31:55
21f5cd1b-4770-428b-9238-fd60097fcc2b,986a744a-1166-4126-84dd-ae90441c2709,Fossilly Stegosaurus,MEDIUM,6.0,5.0,38.0,In Stock,2024-01-14 10:31:58
3ca82502-386b-4596-bc38-58e660be5797,986a744a-1166-4126-84dd-ae90441c2709,Fossilly Stegosaurus,SMALL,3.0,2.0,15.0,More on the way,2024-01-14 10:31:58
52cc7fdf-1309-440b-ad12-ddcd18fca8ca,70e7d013-5074-4225-bf89-35505d225dea,Fuddlewuddle Lion Soother,ONE SIZE,13.0,13.0,25.0,In Stock,2024-01-14 10:31:59
5ab06c87-165b-460d-a1c2-8bf42ca02e54,704f8bff-cfaa-44cc-83a1-73c91c2a6b7f,Bashful Shimmer Bunny with Personalised Cream Jumper,MEDIUM,12.0,5.0,38.0,In Stock,2024-01-14 10:32:01
7223996b-0652-4c0e-aa38-122d9a559919,e4daf626-3ff5-44b6-8e07-8bf86171b634,Bashful Shimmer Bunny with Personalised Navy Jumper,MEDIUM,12.0,5.0,38.0,In Stock,2024-01-14 10:32:03
4880f07e-134b-4238-ad56-c96d36833e6f,86a71e45-2dae-43fd-9091-474d44e9a58b,Bashful Shimmer Bunny with Personalised Red Jumper,MEDIUM,12.0,5.0,38.0,In Stock,2024-01-14 10:32:05
d5774836-b8b2-4f01-80d7-64396078278c,ef64e953-afd5-4647-a72e-0e23e40980d6,Lingley Bunny Soother,ONE SIZE,11.0,7.0,20.0,In Stock,2024-01-14 10:32:07
13a11d1c-0c3a-48e4-a032-100b1e317576,ee328313-03e9-464a-a605-69a66eeaa539,Lingley Elephant Soother,ONE SIZE,11.0,7.0,20.0,In Stock,2024-01-14 10:32:08
c2db927c-66f3-453f-95c7-e666e876405e,d1955554-1ee4-4644-a07e-73b59f9b7c4c,Tartan Lottie Bunny,ONE SIZE,11.0,4.0,27.5,In Stock,2024-01-14 10:32:10
cd126374-41d6-4eb0-9cbc-801c7957a2e8,476d90a5-eb31-488c-ad32-25519cd603a2,Onyx Dragon,HUGE,7.0,26.0,120.0,Out of stock,2024-01-14 10:32:12
3160ae65-8470-4c45-ba48-d5a71ea9db3a,476d90a5-eb31-488c-ad32-25519cd603a2,Onyx Dragon,MEDIUM,5.0,20.0,65.0,In Stock,2024-01-14 10:32:12
aa8219c9-189d-456a-8ccf-08117997eeea,476d90a5-eb31-488c-ad32-25519cd603a2,Onyx Dragon,LITTLE,3.0,12.0,32.5,More on the way,2024-01-14 10:32:12
95b09ea1-a389-4f8c-ae37-243a7d0c7e1f,dc95f0e1-fbfc-47d1-9e3c-e07bf4e7872b,Personalised Bashful Shimmer Bunny Medium,MEDIUM,12.0,5.0,34.0,In Stock,2024-01-14 10:32:14
719ade77-c4b7-4df5-8dbd-dea72cceb52d,a079dd38-8784-48b8-804c-40826a50c1d8,Personalised Fuddlewuddle Lion Soother,ONE SIZE,13.0,13.0,31.0,In Stock,2024-01-14 10:32:16
c1708241-ad32-44e9-9614-b680d4c68d62,7ee0a0c2-22f2-4028-a10e-9258459ed65a,Personalised Snow Dragon Huge,HUGE,7.0,26.0,126.0,In Stock,2024-01-14 10:32:18
685ae3b4-130b-4cc3-9a23-2afb83a3fdd9,92e17bd9-01c3-40e2-84b7-5935c90adbc7,Rumpletum Lion,ONE SIZE,11.0,8.0,40.0,In Stock,2024-01-14 10:32:20
49d58c30-b87b-4229-9294-6113f2e6185f,2f986586-3bdf-48ff-86d2-5a64207bf141,Snuggler Cat,ONE SIZE,9.0,5.0,25.0,In Stock,2024-01-14 10:32:21
b056240b-ea31-4ec5-98ac-9e3f7a78c441,28b06518-b68d-459e-8af3-d5118d830946,Smudge Bear,MEDIUM,9.0,6.0,35.0,In Stock,2024-01-14 10:32:23
276c2b29-0144-4280-8100-0b55ce5205fd,ecbf13ea-4adf-46a8-bb9d-eccb5e9a018f,Cordy Roy Baby Bunny Soother,ONE SIZE,11.0,9.0,23.0,In Stock,2024-01-14 10:32:24
3660f339-4fae-480e-84f5-bf876785fc23,703abbc2-d7c1-4301-8f92-cfbd259873a0,Cordy Roy Baby Lion Soother,ONE SIZE,11.0,9.0,23.0,In Stock,2024-01-14 10:32:26
448ae0bf-e19b-44f3-a1bc-00bab0989133,c0701413-e8b2-4448-bfd1-4c0360ba7cdf,Bashful Tiger,HUGE,20.0,8.0,80.0,In Stock,2024-01-14 10:32:28
15647c12-8008-4caa-8883-2de672208295,c0701413-e8b2-4448-bfd1-4c0360ba7cdf,Bashful Tiger,MEDIUM,12.0,5.0,28.0,More on the way,2024-01-14 10:32:28
a4b89451-6edc-48b9-b4d2-13a1793397ee,c0701413-e8b2-4448-bfd1-4c0360ba7cdf,Bashful Tiger,SMALL,7.0,4.0,18.0,In Stock,2024-01-14 10:32:28
6ddfa551-bd12-409d-b7eb-6d90552ec96d,3d1b2e36-372b-4ec7-baae-63bbbd60a600,Bashful Cerise Bunny,SMALL,7.0,4.0,18.0,In Stock,2024-01-14 10:32:30
5b48b7d8-43fa-4b01-b138-a4e7ca1da4d1,a0b05d58-f74d-4643-840a-cc72d25e1ec6,Beatrice Butterfly,LARGE,8.0,13.0,33.0,In Stock,2024-01-14 10:32:32
3dbcf9fe-20af-428f-9b1a-699a6d56b37a,8aeed612-a4ab-42dd-8f03-6e6cc67d26e7,Little Me Book,ONE SIZE,8.0,8.0,15.0,In Stock,2024-01-14 10:32:33
f776576f-58ca-453a-a27e-051fd503ef00,883a79bf-f4bd-4aee-aa41-558caebe068c,Blossom Dusky Blue Bunny,MEDIUM,12.0,5.0,28.0,In Stock,2024-01-14 10:32:35
22ec6cd5-b2d0-49c1-999e-119bd26230ac,883a79bf-f4bd-4aee-aa41-558caebe068c,Blossom Dusky Blue Bunny,SMALL,7.0,4.0,18.0,Out of stock,2024-01-14 10:32:35
176ede6c-8ae2-4435-a9c9-f236fbdc24c3,0c24f2f6-da3d-478e-a46f-101f9a710d33,Fossilly T-Rex,MEDIUM,11.0,6.0,38.0,In Stock,2024-01-14 10:32:37
07480f06-b597-4045-9ba8-bdc55014fe85,0c24f2f6-da3d-478e-a46f-101f9a710d33,Fossilly T-Rex,SMALL,5.0,3.0,15.0,More on the way,2024-01-14 10:32:37
49ffa5fa-da18-41dc-8dc5-82b2ca953aab,0e1b9d01-244c-46aa-b85e-1956d5b22c16,Blossom Dusky Blue with Personalised Cream Jumper,MEDIUM,12.0,5.0,38.0,In Stock,2024-01-14 10:32:39
c4c3fe14-f7b0-4245-95d7-9f778e64ee24,49941de8-a864-4047-885e-745178e33a7f,Blossom Dusky Blue with Personalised Navy Jumper,MEDIUM,12.0,5.0,38.0,In Stock,2024-01-14 10:32:41
e55c4399-3415-4ea7-8624-c24b0a07bd89,4f3806ec-8b2c-48a1-89d1-96cb2d92db71,Blossom Dusky Blue Bunny with Personalised Red Jumper,MEDIUM,12.0,5.0,38.0,In Stock,2024-01-14 10:32:43
bbbc7bfe-875e-479b-b752-85bcbee6da03,52677eef-ab6f-4d6a-a076-127e97b09dad,Odyssey Octopus,REALLY BIG,30.0,12.0,130.0,More on the way,2024-01-14 10:32:46
1b6561e3-6432-40a8-a882-a26e378d6bbe,52677eef-ab6f-4d6a-a076-127e97b09dad,Odyssey Octopus,HUGE,21.0,9.0,68.5,Out of stock,2024-01-14 10:32:46
373a9fd2-41df-47d7-91e8-37d6df72cf13,52677eef-ab6f-4d6a-a076-127e97b09dad,Odyssey Octopus,LARGE,19.0,7.0,53.0,More on the way,2024-01-14 10:32:46
619ae44b-0fb6-4aa5-85a1-bb5574551530,52677eef-ab6f-4d6a-a076-127e97b09dad,Odyssey Octopus,LITTLE,9.0,4.0,30.0,In Stock,2024-01-14 10:32:46
2f34baeb-9459-40a4-b27e-84787ede9eda,52677eef-ab6f-4d6a-a076-127e97b09dad,Odyssey Octopus,TINY,6.0,3.0,18.0,In Stock,2024-01-14 10:32:46
287f3dd4-04f5-4c59-9213-c73ef1c00628,d2b76ac1-5f25-467d-bac1-e48b7040292d,Sage Dragon,HUGE,7.0,26.0,120.0,More on the way,2024-01-14 10:32:48
4898daec-d6e1-428f-b623-f870c8801a8d,d2b76ac1-5f25-467d-bac1-e48b7040292d,Sage Dragon,MEDIUM,5.0,20.0,65.0,Returning to stock 2-3 months,2024-01-14 10:32:48
c5298720-32c7-4af8-a3bd-582e11594e22,d2b76ac1-5f25-467d-bac1-e48b7040292d,Sage Dragon,LITTLE,3.0,12.0,32.5,In Stock,2024-01-14 10:32:48
47d67c37-2731-474f-b75d-5caa4dce8870,2257f9a8-21ab-459c-b290-e7364d563e28,Sienna Seahorse,MEDIUM,11.0,4.0,30.0,More on the way,2024-01-14 10:32:50
949e026c-f604-457b-b700-f678272f1ea9,2257f9a8-21ab-459c-b290-e7364d563e28,Sienna Seahorse,SMALL,7.0,2.0,20.0,In Stock,2024-01-14 10:32:50
91452713-0cf3-48ae-a05d-5fa17c8503c1,f4a8f85b-360a-4a6d-b394-b7dbea5fbddd,Bashful Plum Bunny,HUGE,20.0,8.0,80.0,Out of stock,2024-01-14 10:32:52
b4459a52-a112-4db4-9de6-8957b468eb2b,f4a8f85b-360a-4a6d-b394-b7dbea5fbddd,Bashful Plum Bunny,MEDIUM,12.0,5.0,25.0,Out of stock,2024-01-14 10:32:52
0f1c614a-f0fc-4fd8-899a-58f353319a94,f4a8f85b-360a-4a6d-b394-b7dbea5fbddd,Bashful Plum Bunny,SMALL,7.0,4.0,18.0,In Stock,2024-01-14 10:32:52
29a3af03-7c2e-4410-aeb3-1e9e2c994a2e,a1a89da4-1f3b-4edb-bd3a-f4136bf32928,Fossilly Brontosaurus,MEDIUM,10.0,5.0,38.0,In Stock,2024-01-14 10:32:54
95b1bb77-a61d-456f-943f-936778b83664,a1a89da4-1f3b-4edb-bd3a-f4136bf32928,Fossilly Brontosaurus,SMALL,3.0,2.0,15.0,More on the way,2024-01-14 10:32:54
a3134680-fdd9-4c78-90d8-00e4579c46bf,4d320122-b92c-4c22-be03-7bea436cc30a,Fossilly Triceratops,MEDIUM,7.0,4.0,38.0,In Stock,2024-01-14 10:32:56
c2b9718f-1fbb-4a9f-91dd-ad300c2debbe,4d320122-b92c-4c22-be03-7bea436cc30a,Fossilly Triceratops,SMALL,4.0,2.0,15.0,Out of stock,2024-01-14 10:32:56
e67dfc68-4cee-4a5d-982a-215042459a56,a00d313c-dbbb-4fc5-a344-64478713cb18,Kara Kangaroo,LARGE,15.0,5.0,47.5,In Stock,2024-01-14 10:32:58
f2b83e7d-fbe8-4a4f-9ddf-f7d7d48f4e63,a00d313c-dbbb-4fc5-a344-64478713cb18,Kara Kangaroo,SMALL,8.0,4.0,28.5,Out of stock,2024-01-14 10:32:58
7a82a6d0-c4ab-4533-a5ae-00cc39d59968,6d3408c6-2859-4ade-99c4-f3c1d01a7b5f,Snow Dragon,HUGE,7.0,26.0,120.0,In Stock,2024-01-14 10:33:00
3b1c275a-1bd1-4719-8e4b-307279349249,6d3408c6-2859-4ade-99c4-f3c1d01a7b5f,Snow Dragon,MEDIUM,5.0,20.0,65.0,In Stock,2024-01-14 10:33:00
e4a7368f-fa62-40f5-995c-38dba2733aef,6d3408c6-2859-4ade-99c4-f3c1d01a7b5f,Snow Dragon,LITTLE,3.0,12.0,32.5,Out of stock,2024-01-14 10:33:00
7ffd21b4-f427-4999-a065-aa0f16bf3601,33c37585-91f7-4be3-8ec2-a277714e973b,Blossom Blush Bunny,LARGE,14.0,6.0,43.0,Out of stock,2024-01-14 10:33:02
24c5e10c-2ed6-4d4f-aada-d56136db8434,33c37585-91f7-4be3-8ec2-a277714e973b,Blossom Blush Bunny,MEDIUM,12.0,5.0,28.0,Returning to stock 2-3 months,2024-01-14 10:33:02
9c771e7e-11f8-4963-b0bb-e7dafb4e0143,33c37585-91f7-4be3-8ec2-a277714e973b,Blossom Blush Bunny,SMALL,7.0,4.0,18.0,In Stock,2024-01-14 10:33:02
d4f89c4d-3dc7-49c1-8db9-3d71bc31daed,ab873fb5-73c3-47c5-a896-c03fafa7aab0,Personalised Odell Octopus Soother,ONE SIZE,13.0,13.0,31.0,In Stock,2024-01-14 10:33:04
3065f4a0-6854-43e5-addb-ed01414ae69a,71adf065-0273-47fe-a637-185e61e8b59a,Wiley Whale,HUGE,8.0,31.0,90.0,In Stock,2024-01-14 10:33:05
5145457c-a083-42c1-bee6-b874cacc94d0,71adf065-0273-47fe-a637-185e61e8b59a,Wiley Whale,LARGE,7.0,20.0,53.0,In Stock,2024-01-14 10:33:05
76d83a1d-e5b7-411a-9a7a-7245cfb91625,de45d0e9-9a56-4308-88d5-9a17aa0f81a6,Bailey Sloth,MEDIUM,16.0,3.0,35.0,In Stock,2024-01-14 10:33:07
c34d368e-72b7-4e44-ad6e-59fde0bc90b6,de45d0e9-9a56-4308-88d5-9a17aa0f81a6,Bailey Sloth,SMALL,13.0,2.0,28.0,Out of stock,2024-01-14 10:33:07
7c8ee129-ed12-43c3-b032-9bc5dc655165,77df7b5b-6241-4e0e-86bb-b0f0db3858e0,Storm Octopus,LARGE,19.0,7.0,53.0,In Stock,2024-01-14 10:33:09
9defc7dc-2ec8-42c8-b438-b5939227f362,77df7b5b-6241-4e0e-86bb-b0f0db3858e0,Storm Octopus,LITTLE,9.0,4.0,30.0,Returning to stock next week,2024-01-14 10:33:09
7e30b98f-291c-41bc-9a50-452db46e8bf2,77df7b5b-6241-4e0e-86bb-b0f0db3858e0,Storm Octopus,TINY,6.0,3.0,18.0,More on the way,2024-01-14 10:33:09
ee011f41-7ae5-43c9-b86e-6eb96a16a67e,ace1569c-f61c-453c-aa66-d9feff091c86,Bashful Dragon,VERY BIG,43.0,18.0,275.0,In Stock,2024-01-14 10:33:11
86c4bdbf-c197-447c-8a80-dafc2a2cc7ab,ace1569c-f61c-453c-aa66-d9feff091c86,Bashful Dragon,REALLY BIG,26.0,12.0,125.0,More on the way,2024-01-14 10:33:11
4e5aa870-0ec3-4a92-a0a5-f893fa119cc4,ace1569c-f61c-453c-aa66-d9feff091c86,Bashful Dragon,HUGE,20.0,8.0,69.5,Out of stock,2024-01-14 10:33:11
a034d751-d8d9-4ac7-889f-51a09e060cc4,ace1569c-f61c-453c-aa66-d9feff091c86,Bashful Dragon,MEDIUM,12.0,5.0,28.0,More on the way,2024-01-14 10:33:11
e026d226-4665-46d2-8696-1bb1ecb5483a,ace1569c-f61c-453c-aa66-d9feff091c86,Bashful Dragon,SMALL,7.0,4.0,18.0,More on the way,2024-01-14 10:33:11
2dda9833-f843-4a75-8f4c-c9280a2b0b36,768b3da9-8e31-4ccd-bcff-257bc0f23fee,Bashful Dino,VERY BIG,43.0,18.0,275.0,In Stock,2024-01-14 10:33:13
e63dada2-bda3-4e83-9800-da16fc77c018,768b3da9-8e31-4ccd-bcff-257bc0f23fee,Bashful Dino,REALLY BIG,26.0,12.0,125.0,In Stock,2024-01-14 10:33:13
814cd508-b729-483f-bfca-65a273291ef4,768b3da9-8e31-4ccd-bcff-257bc0f23fee,Bashful Dino,HUGE,20.0,8.0,80.0,In Stock,2024-01-14 10:33:13
79c9a849-f28c-451b-8079-e570c18025c6,768b3da9-8e31-4ccd-bcff-257bc0f23fee,Bashful Dino,MEDIUM,12.0,5.0,28.0,In Stock,2024-01-14 10:33:13
209598d7-8ba9-47de-b019-049a7376c04c,768b3da9-8e31-4ccd-bcff-257bc0f23fee,Bashful Dino,SMALL,7.0,4.0,18.0,More on the way,2024-01-14 10:33:13
ad935df5-7e75-4b99-a909-1bf640c6ca78,a9c586f3-e808-4fce-bf3f-50109e721886,Bashful Turtle,MEDIUM,12.0,5.0,28.0,Returning to stock 2-3 months,2024-01-14 10:33:15
5eeebf42-0d48-4b20-9529-4dc7b1f5f554,a9c586f3-e808-4fce-bf3f-50109e721886,Bashful Turtle,SMALL,7.0,4.0,18.0,In Stock,2024-01-14 10:33:15
cb7249ce-5cfb-47be-9c40-3d8e48c78f7f,704da44b-b812-4ead-a49b-5d34f8dd260f,Elly Ballerina Book,ONE SIZE,12.0,,15.0,In Stock,2024-01-14 10:33:17
7b98fa93-0619-45b5-becf-ce9d59b26c40,28712bc2-4257-4053-a9b8-d3af69aa97b5,Crispin Crab,MEDIUM,6.0,8.0,33.0,In Stock,2024-01-14 10:33:19
0101a06b-a245-48d5-9ffa-3396189023e0,28712bc2-4257-4053-a9b8-d3af69aa97b5,Crispin Crab,SMALL,4.0,5.0,24.0,Out of stock,2024-01-14 10:33:19
25dfef79-2740-4d87-9a0a-048dd3f30706,af0f55a4-0960-4af9-b0ea-45eed02a09e3,Livi Leopard,LARGE,5.0,18.0,80.0,In Stock,2024-01-14 10:33:21
44f25d56-f5ec-4016-92f9-16a391e74ed0,af0f55a4-0960-4af9-b0ea-45eed02a09e3,Livi Leopard,LITTLE,3.0,11.0,35.0,Out of stock,2024-01-14 10:33:21
7ece8924-3565-4605-b5d8-c27739dffa6d,66805578-7dd2-47c8-9aca-547a95071542,Bashful Navy Bunny,MEDIUM,12.0,5.0,28.0,In Stock,2024-01-14 10:33:23
fa8e0102-e790-4106-bbff-6f9ef693d8b1,66805578-7dd2-47c8-9aca-547a95071542,Bashful Navy Bunny,SMALL,7.0,4.0,18.0,In Stock,2024-01-14 10:33:23
c51952f6-e6d4-4aa4-91cc-baea086fa096,1bd457ca-6040-42c8-aae6-c9ecd9bd2577,Bashful Navy Bunny with Personalised Cream Jumper,MEDIUM,12.0,5.0,38.0,In Stock,2024-01-14 10:33:25
869bd446-1b72-4d32-95d2-e7e866104a40,dbed2847-8fb3-4922-9e7e-884597a19cd8,Bashful Navy Bunny with Personalised Red Jumper,MEDIUM,12.0,5.0,38.0,In Stock,2024-01-14 10:33:26
7799c8da-7b09-449d-a525-06b133b2bf92,727b0106-0c51-48dd-8f20-51a439772292,Odell Octopus,REALLY BIG,30.0,12.0,130.0,In Stock,2024-01-14 10:33:29
1155fab5-7ea1-47b5-89f1-db135cfc5e99,727b0106-0c51-48dd-8f20-51a439772292,Odell Octopus,LARGE,19.0,7.0,53.0,Out of stock,2024-01-14 10:33:29
6e3660fe-2300-4aab-a61d-52255dfb58d4,727b0106-0c51-48dd-8f20-51a439772292,Odell Octopus,LITTLE,9.0,4.0,30.0,Returning to stock next week,2024-01-14 10:33:29
0f9d335d-8ffa-4b5a-b043-2e69cd4af69c,727b0106-0c51-48dd-8f20-51a439772292,Odell Octopus,TINY,6.0,3.0,18.0,Returning to stock next week,2024-01-14 10:33:29
7197cc61-b5d3-49a0-972d-862c4ca7a5f9,4cf12b87-e145-4a98-8777-1513d771b289,Personalised Bashful Navy Bunny Medium,MEDIUM,12.0,5.0,34.0,In Stock,2024-01-14 10:33:31
6da0f449-356a-410f-9340-fb5153c1bb3b,c1ae2f22-c354-4add-bb03-8b7851b88391,Bashful Blush Bunny,MEDIUM,12.0,5.0,28.0,In Stock,2024-01-14 10:33:33
6de94bad-d114-4cef-99ba-72909471cf93,c1ae2f22-c354-4add-bb03-8b7851b88391,Bashful Blush Bunny,SMALL,7.0,4.0,18.0,More on the way,2024-01-14 10:33:33
27488d5c-8d6c-447d-997b-50ae9f0786fd,d5b7ecc8-9bba-4535-9336-79cca376ea0a,My Friend Bunny Book,ONE SIZE,9.0,9.0,15.0,In Stock,2024-01-14 10:33:34
7995ca17-345b-410f-a5c9-1a4e53fa6a66,7a303b98-1733-4638-82cb-4939c3d00ffc,Bashful Beige Bunny Blanket,ONE SIZE,40.0,30.0,45.0,In Stock,2024-01-14 10:33:36
43cf61b9-ddb2-4fdf-b1ac-447d2ff3a044,0806a4ea-f02a-4f72-bfbe-62db4a6a9228,Bashful Blue Bunny Blanket,ONE SIZE,40.0,30.0,45.0,In Stock,2024-01-14 10:33:37
31d25339-2348-486c-9e34-b4a990744543,3251fb14-a56e-4e74-a1cd-da440358a09c,Bashful Pink Bunny Blanket,ONE SIZE,40.0,30.0,45.0,In Stock,2024-01-14 10:33:39
1a3cc452-f1aa-4e7d-819f-053cad01456b,eb806d3b-54df-4dc3-918b-e70b46a4d18d,Harry Panda Cub,HUGE,20.0,10.0,120.0,Out of stock,2024-01-14 10:33:41
1f04b59c-afe5-403b-a7e1-bc0321eb0934,eb806d3b-54df-4dc3-918b-e70b46a4d18d,Harry Panda Cub,LARGE,15.0,8.0,65.0,In Stock,2024-01-14 10:33:41
e9722b59-1931-4a0e-b070-92afad85aa25,eb806d3b-54df-4dc3-918b-e70b46a4d18d,Harry Panda Cub,MEDIUM,11.0,6.0,35.0,In Stock,2024-01-14 10:33:41
2f325b3e-e9c6-4edb-8c47-a7bbba0dcd0a,eb806d3b-54df-4dc3-918b-e70b46a4d18d,Harry Panda Cub,TINY,5.0,3.0,13.0,Out of stock,2024-01-14 10:33:41
afa10fb0-776b-48f9-bd1f-9883e0f0f88f,d1cf8ac7-eecf-493f-98fd-6a39246afe8f,Bashful Lamb with Personalied Red Jumper,MEDIUM,12.0,5.0,38.0,In Stock,2024-01-14 10:33:43
38389ce6-4ba4-4ff9-936e-52301942402e,3e3ec872-b9df-44f1-b7b0-7ba6e0c6c329,Larry Lobster,MEDIUM,11.0,4.0,33.0,In Stock,2024-01-14 10:33:45
bad6e91d-e8fd-4118-9171-b4a18d383558,3e3ec872-b9df-44f1-b7b0-7ba6e0c6c329,Larry Lobster,SMALL,8.0,3.0,25.0,Returning to stock 2-3 months,2024-01-14 10:33:45
6895c821-5a5f-444b-8fbd-bcc3304d5bbe,1af8d7d0-e3a5-4472-be02-a1e105ef55be,My Friend Bunny Book and Bashful Beige Bunny,MEDIUM,,,43.0,In Stock,2024-01-14 10:33:46
7b99ab06-bf4d-4fb0-920a-8b6459c2f4f6,5e45bb33-6257-43f6-ab48-8349c6700fbb,Bashful Truffle Bunny,MEDIUM,12.0,5.0,28.0,In Stock,2024-01-14 10:33:48
8b0cc602-9c58-4879-9e62-0cccbed242fc,5e45bb33-6257-43f6-ab48-8349c6700fbb,Bashful Truffle Bunny,SMALL,7.0,4.0,18.0,In Stock,2024-01-14 10:33:48
6583f1e6-e26c-42ef-9a06-80df5b04d7a4,3e908a1f-7aca-4928-a845-4e35746a29c5,Colin Chameleon,ONE SIZE,11.0,4.0,29.0,In Stock,2024-01-14 10:33:50
c07aba2a-d94c-4b5b-a615-cbae7d4355ec,b7d12da6-27db-446f-bda8-3f41be322d9a,Bashful Truffle Bunny with Personalised Cream Jumper,MEDIUM,12.0,5.0,38.0,In Stock,2024-01-14 10:33:52
48f188f7-c43e-4118-b596-3722f7b477c2,a5bc67c8-a32b-430b-8f3e-5f3ab7439c93,Bashful Truffle Bunny with Personalised Navy Jumper,MEDIUM,12.0,5.0,38.0,In Stock,2024-01-14 10:33:54
3e1c31ed-f194-4b78-b91b-4ddcb298206d,5a85d136-792d-4b23-8f9d-7ead78b3437c,Bashful Truffle Bunny with Personalised Red Jumper,MEDIUM,12.0,5.0,38.0,In Stock,2024-01-14 10:33:56
57c78c30-4db9-4d11-ae9f-62a7bbad62c7,540667ad-3a0a-489b-9311-a945e801f787,Bashful Fox Cub,HUGE,20.0,8.0,80.0,In Stock,2024-01-14 10:33:58
15b1177d-ae5a-4450-b972-5f8d6afbd756,540667ad-3a0a-489b-9311-a945e801f787,Bashful Fox Cub,MEDIUM,12.0,5.0,28.0,More on the way,2024-01-14 10:33:58
db798aa6-8b6c-4f85-9d9c-a8035eac9f5a,540667ad-3a0a-489b-9311-a945e801f787,Bashful Fox Cub,SMALL,7.0,4.0,16.5,Out of stock,2024-01-14 10:33:58
15b3c60d-615d-47e1-9dc6-c2b4cc6e1ff4,b1f3fef8-b944-47d0-a97a-801aaa89186b,Bashful Toffee Puppy,VERY BIG,43.0,18.0,275.0,In Stock,2024-01-14 10:34:00
bc3095a7-73d5-4bf0-a3db-7e10cfe2d9a6,b1f3fef8-b944-47d0-a97a-801aaa89186b,Bashful Toffee Puppy,REALLY BIG,26.0,12.0,125.0,In Stock,2024-01-14 10:34:00
111f8cbc-50c3-46db-ad8e-eed1b417031a,b1f3fef8-b944-47d0-a97a-801aaa89186b,Bashful Toffee Puppy,MEDIUM,12.0,5.0,28.0,Returning to stock 2-3 months,2024-01-14 10:34:00
0c7ae0a9-7d66-4836-929a-5fb80d56dfb4,b1f3fef8-b944-47d0-a97a-801aaa89186b,Bashful Toffee Puppy,SMALL,7.0,4.0,18.0,Returning to stock 2-3 months,2024-01-14 10:34:00
a97f3ae9-5257-4a14-b9b4-e2bfbd143551,fef7e9d7-a8ed-41bb-8099-a92b252e7241,If I Were A Bunny Book,ONE SIZE,6.0,6.0,13.5,In Stock,2024-01-14 10:34:02
cf6b76dd-f1d3-4910-a4ed-c51c12a378ab,b4fcc881-7ced-4d7a-bdf5-bb3370b03ef1,The Very Brave Lion Book,ONE SIZE,9.0,9.0,15.0,In Stock,2024-01-14 10:34:03
b9b0d121-ff88-48da-baa7-80370dfb019c,8ef67bd6-2028-4179-93ab-e33aacf2ad33,If I Were A Bunny Book and Bashful Bunny,SMALL,,,31.5,In Stock,2024-01-14 10:34:05
796d6787-01e5-42ff-8100-d9a7236232b3,8c7397b6-eb7a-4837-9d84-45ca65324ce9,The Very Brave Lion Book and Fuddlewuddle Lion,MEDIUM,,,45.0,In Stock,2024-01-14 10:34:06
104919b5-7d95-4779-90d8-005173732fd5,e36e42c0-5a4d-4e55-91bc-e309fe9fc91e,Bashful Twinkle Bunny,MEDIUM,12.0,5.0,28.0,More on the way,2024-01-14 10:34:08
e0025d1b-3834-44f4-b1b8-a166056f8e17,e36e42c0-5a4d-4e55-91bc-e309fe9fc91e,Bashful Twinkle Bunny,SMALL,7.0,4.0,18.0,In Stock,2024-01-14 10:34:08
8d634579-59a2-497d-a21d-80ca317544ec,3ea5ecdd-e563-4be0-b5cc-f267ee51ec7a,Blossom Tulip Bunny,HUGE,20.0,8.0,80.0,Out of stock,2024-01-14 10:34:10
cc9eaddd-3bba-4061-ba67-626bfbb0e26e,3ea5ecdd-e563-4be0-b5cc-f267ee51ec7a,Blossom Tulip Bunny,LARGE,14.0,6.0,43.0,In Stock,2024-01-14 10:34:10
8b16e300-b1f1-457e-86d9-cadc8d6b6fac,3ea5ecdd-e563-4be0-b5cc-f267ee51ec7a,Blossom Tulip Bunny,MEDIUM,12.0,5.0,28.0,In Stock,2024-01-14 10:34:10
5d0ee1b7-52ee-407a-99fe-572564aef8fe,3ea5ecdd-e563-4be0-b5cc-f267ee51ec7a,Blossom Tulip Bunny,SMALL,7.0,4.0,18.0,In Stock,2024-01-14 10:34:10
d188df6f-21d5-467a-8ac8-18caa219e6b0,3ea5ecdd-e563-4be0-b5cc-f267ee51ec7a,Blossom Tulip Bunny,TINY,5.0,,10.0,Out of stock,2024-01-14 10:34:10
c0938000-6a14-4d66-9565-e10db0b83744,5cd0755d-364e-48c7-935b-8dbb7bf2c2af,Blossom Tulip Bunny with Personalised Cream Jumper,MEDIUM,12.0,5.0,38.0,In Stock,2024-01-14 10:34:13
4993b4fd-21fa-49de-b388-38d47cc50c60,387dae88-e999-49e6-9977-4d5c1eefbf25,Blossom Tulip Bunny with Personalised Navy Jumper,MEDIUM,12.0,5.0,38.0,In Stock,2024-01-14 10:34:18
b2712fcc-8402-4498-8acc-d64d97d0dbb4,85a11a43-be5e-48a6-b044-20959b3c13c0,Blossom Tulip Bunny with Personalised Red Jumper,MEDIUM,12.0,5.0,38.0,In Stock,2024-01-14 10:34:20
58ed2f10-58a8-45a5-be6e-afde8f7091bd,db1c4381-b99b-44a1-ace7-1ac74352ff92,Personalised Bashful Silver Bunny Huge,HUGE,20.0,8.0,86.0,In Stock,2024-01-14 10:34:22
228e59b1-2894-47df-9917-31e63ba9fda9,c479766e-30b0-4867-a935-16fd73b34c12,If I Were An Elephant Book,ONE SIZE,6.0,6.0,13.5,In Stock,2024-01-14 10:34:24
2922f51e-0da6-46a6-b7ec-9f3e75a2e506,47930400-41e0-4bd5-bd49-cff70bd995c2,The Magic Bunny Book,ONE SIZE,7.0,7.0,15.0,In Stock,2024-01-14 10:34:25
d2378a16-c7be-40ec-97ec-35cc9500ec5d,4d9c4fe4-2b11-4685-9275-f842d7f92f2a,When I am Big Book,ONE SIZE,8.0,8.0,15.0,In Stock,2024-01-14 10:34:27
f130758d-9a64-483d-94d8-201f77634264,31bc6de9-c51c-43b4-a1df-a3040ffb720d,Bumbly Bear,HUGE,23.0,9.0,99.0,Out of stock,2024-01-14 10:34:31
fb76628e-bb19-40ab-b3a8-3fd3ea67921e,31bc6de9-c51c-43b4-a1df-a3040ffb720d,Bumbly Bear,LARGE,20.0,7.0,60.0,In Stock,2024-01-14 10:34:31
3be707fb-a16a-4de0-9718-bd0dd3571844,31bc6de9-c51c-43b4-a1df-a3040ffb720d,Bumbly Bear,MEDIUM,15.0,6.0,43.0,In Stock,2024-01-14 10:34:31
7e857170-b867-4e11-a742-850c8b648fa2,31bc6de9-c51c-43b4-a1df-a3040ffb720d,Bumbly Bear,SMALL,11.0,4.0,28.0,More on the way,2024-01-14 10:34:31
6adfe022-d0ab-4988-915c-c7435486d7bf,0d60bb82-a86b-482b-a4f1-de60ae850e30,The Magic Bunny Book and Bashful Cottontail Bunny,MEDIUM,,,43.0,In Stock,2024-01-14 10:34:32
044ec6ea-3250-4727-aefd-92bca57e3a76,7c02ee1d-333c-4a7b-96b4-2711d139fb5f,Bashful Unicorn,MEDIUM,12.0,5.0,28.0,In Stock,2024-01-14 10:34:34
d3000098-abcb-4cc4-9602-4d27bdab46b5,7c02ee1d-333c-4a7b-96b4-2711d139fb5f,Bashful Unicorn,SMALL,7.0,4.0,18.0,In Stock,2024-01-14 10:34:34
524e1981-2bdb-438c-aea1-a46f6a1257d3,5a195747-aaf7-4aa2-937b-45cc5aaf153f,Fuddlewuddle Monkey,MEDIUM,9.0,5.0,30.0,In Stock,2024-01-14 10:34:36
340517b4-5a0d-44b8-978d-c3b1b5adde1a,2806b735-385a-4ee6-b343-8f8062b0b7d0,Bashful Beige Bunny Grabber,ONE SIZE,7.0,3.0,15.0,In Stock,2024-01-14 10:34:38
9b4f5058-1a9b-449c-b382-cab6d1d6cdab,85d56a54-1476-44e6-9f29-f823b5d2b6e9,If I Were A Rabbit Book,ONE SIZE,6.0,6.0,13.5,In Stock,2024-01-14 10:34:39
763a3d10-b267-42e4-938e-0708140f08b0,2429abc3-95e7-4edc-9840-a05670be0dd4,If I Were A Rabbit Book and Bashful Tulip Bunny,SMALL,,,31.5,In Stock,2024-01-14 10:34:41
ccc77523-cb60-4c37-96f2-0d48b89d22d9,0799860e-8d1a-481d-8b24-4845d652366b,Fuddlewuddle Lion,HUGE,17.0,9.0,69.0,Out of stock,2024-01-14 10:34:43
da9dd75e-022a-4bca-9c14-e9e87bd4402b,0799860e-8d1a-481d-8b24-4845d652366b,Fuddlewuddle Lion,LARGE,12.0,6.0,50.0,More on the way,2024-01-14 10:34:43
b7733aa7-d077-4f94-a3be-be172819a5d6,0799860e-8d1a-481d-8b24-4845d652366b,Fuddlewuddle Lion,MEDIUM,9.0,5.0,30.0,In Stock,2024-01-14 10:34:43
0068cb68-b8a0-47cf-b2e6-3658d93ef087,276b57e9-72d0-4526-939d-1fd71764fd13,Bartholomew Bear,REALLY BIG,22.0,13.0,140.0,In Stock,2024-01-14 10:34:45
eb6f43d1-3ae9-4fb7-befb-dc43b459fde0,276b57e9-72d0-4526-939d-1fd71764fd13,Bartholomew Bear,HUGE,19.0,7.0,55.0,In Stock,2024-01-14 10:34:45
db393f37-ed69-40e2-a988-2d5d862f0e05,276b57e9-72d0-4526-939d-1fd71764fd13,Bartholomew Bear,LARGE,14.0,7.0,40.0,In Stock,2024-01-14 10:34:45
c69729bb-5198-4e61-8f20-d5790970a34d,276b57e9-72d0-4526-939d-1fd71764fd13,Bartholomew Bear,MEDIUM,11.0,5.0,28.0,More on the way,2024-01-14 10:34:45
0d89ff3c-3583-4f82-8716-0a1c6f5c3e7d,276b57e9-72d0-4526-939d-1fd71764fd13,Bartholomew Bear,TINY,6.0,3.0,18.5,In Stock,2024-01-14 10:34:45
34998a47-7010-4d1a-a6c1-30908a0bb9bf,937024a4-a798-4120-9777-53dd31e573f6,Bashful Silver Bunny,VERY BIG,43.0,18.0,275.0,In Stock,2024-01-14 10:34:52
3598330c-f4e3-433c-8760-b137d1cc01f7,937024a4-a798-4120-9777-53dd31e573f6,Bashful Silver Bunny,REALLY BIG,26.0,11.0,125.0,In Stock,2024-01-14 10:34:52
d0364bbb-75a3-4d52-ba9e-897ccbec6c68,937024a4-a798-4120-9777-53dd31e573f6,Bashful Silver Bunny,HUGE,20.0,8.0,80.0,In Stock,2024-01-14 10:34:52
730d05fe-9f25-4be6-a8b9-4afe316622d9,937024a4-a798-4120-9777-53dd31e573f6,Bashful Silver Bunny,LARGE,14.0,6.0,43.0,Out of stock,2024-01-14 10:34:52
ed56c5e6-f2e3-4c07-8ceb-28f2f79a68be,937024a4-a798-4120-9777-53dd31e573f6,Bashful Silver Bunny,MEDIUM,12.0,5.0,28.0,In Stock,2024-01-14 10:34:52
bdfb3875-5dea-4868-9106-50993d9c5637,937024a4-a798-4120-9777-53dd31e573f6,Bashful Silver Bunny,SMALL,7.0,4.0,18.0,In Stock,2024-01-14 10:34:52
c3687e36-3860-4879-af14-516a4e8bd896,07c4e90b-7419-4be1-8c07-4822f89b5218,Bashful Silver Bunny with Personalised Cream Jumper,MEDIUM,12.0,5.0,38.0,In Stock,2024-01-14 10:34:53
1acf799c-d8d6-47da-af7a-5b155e48cc69,240db4bf-8635-4306-b270-55d1c74f6c96,Bashful Silver Bunny with Personalised Navy Jumper,MEDIUM,12.0,5.0,38.0,In Stock,2024-01-14 10:34:56
eff13b69-04f9-4412-b3f1-692825af7108,8ded2dae-6707-4cbe-9204-0741d04f6bdd,Bashful Bunny Truffle Bag Charm,ONE SIZE,7.0,2.0,19.0,More on the way,2024-01-14 10:34:57
23dc1371-4b44-4d9a-98c8-4cde4700a701,608b187c-68c3-4e42-bbe8-ea46588c2ac9,Bashful Silver Bunny with Personalised Red Jumper,MEDIUM,12.0,5.0,38.0,In Stock,2024-01-14 10:34:59
6fee82f0-4543-44b3-b9d1-3dae3199fe3f,79eb952a-de80-418e-815c-f6b3006c7c4b,Personalised Bashful Silver Bunny Medium,MEDIUM,12.0,5.0,34.0,In Stock,2024-01-14 10:35:01
b53b8cfb-abf6-4446-88d4-5c1bda9d98da,46e7d833-0ebf-4420-9505-4ef955abfbb4,Bashful Cottontail Bunny,VERY BIG,43.0,18.0,275.0,In Stock,2024-01-14 10:35:03
2d55ac56-0f6d-4941-a5f2-2eeddd056bbc,46e7d833-0ebf-4420-9505-4ef955abfbb4,Bashful Cottontail Bunny,REALLY BIG,26.0,12.0,125.0,In Stock,2024-01-14 10:35:03
b5ab4be8-df4c-45b5-91d7-415a9119dcce,46e7d833-0ebf-4420-9505-4ef955abfbb4,Bashful Cottontail Bunny,MEDIUM,12.0,5.0,28.0,In Stock,2024-01-14 10:35:03
fd1391a4-3d87-4678-b0c5-7db22e380b95,46e7d833-0ebf-4420-9505-4ef955abfbb4,Bashful Cottontail Bunny,SMALL,7.0,4.0,17.5,Out of stock,2024-01-14 10:35:03
8ccc03fe-c708-43f4-9944-1e890d5e9d3f,cd3ac5ca-eb93-4100-9ebb-026af29deea8,Blossom Cream Bunny,LARGE,14.0,6.0,43.0,Out of stock,2024-01-14 10:35:05
8c1d3714-8779-4247-8681-5cbbcbf3c19f,cd3ac5ca-eb93-4100-9ebb-026af29deea8,Blossom Cream Bunny,MEDIUM,12.0,5.0,28.0,Returning to stock next week,2024-01-14 10:35:05
e0cf7b02-0521-44a2-9f1e-0134866dbfb2,cd3ac5ca-eb93-4100-9ebb-026af29deea8,Blossom Cream Bunny,SMALL,7.0,4.0,18.0,In Stock,2024-01-14 10:35:05
e0c260e9-e018-4bd1-8263-dd8d5dac3c20,7f8d8453-c10b-48c3-9391-6a30cbb94d79,Bashful Cottontail Bunny with Personalised Cream Jumper,MEDIUM,12.0,5.0,38.0,In Stock,2024-01-14 10:35:07
0f3986f4-e865-4391-b5c6-8c712a9690f7,959fa024-0011-4557-8168-4f71122a55e2,Bashful Cottontail Bunny with Personalised Navy Jumper,MEDIUM,12.0,5.0,38.0,In Stock,2024-01-14 10:35:09
c8872cdb-cd9c-4254-8be2-02a671818369,4824f6d8-4391-4dca-92dc-44b8238b1ccb,Bashful Cottontail Bunny with Personalised Red Jumper,MEDIUM,12.0,5.0,38.0,In Stock,2024-01-14 10:35:12
73f4d533-1c37-4d0b-942f-587427e62528,328d6a17-a8c8-4c1c-b3ad-3f50f1be2775,Personalised Bashful Cottontail Bunny Medium,MEDIUM,12.0,5.0,34.0,In Stock,2024-01-14 10:35:14
2a7f568c-6d76-449a-ad7d-8d6080fa0386,d6c0d38d-651c-46f8-bfbd-2205e437606c,Bashful Monkey Soother,ONE SIZE,13.0,13.0,25.0,In Stock,2024-01-14 10:35:16
bc3f41f6-4799-4f38-8b64-17eca8512dfc,4e2a8f37-eb18-4f81-a727-56692b61f370,Bashful Black & Cream Puppy,VERY BIG,43.0,18.0,275.0,In Stock,2024-01-14 10:35:18
370c3598-0858-4fc1-8e36-55ca5d858042,4e2a8f37-eb18-4f81-a727-56692b61f370,Bashful Black & Cream Puppy,MEDIUM,12.0,5.0,28.0,In Stock,2024-01-14 10:35:18
511d6cf4-4ea8-4081-ab0d-4593a257c489,4e2a8f37-eb18-4f81-a727-56692b61f370,Bashful Black & Cream Puppy,SMALL,7.0,4.0,18.0,In Stock,2024-01-14 10:35:18
4f55adc5-fb7d-4010-a4b3-05b291645b10,52934e7e-defb-410c-8601-0f91676922b3,Bashful Blue Bunny,HUGE,20.0,8.0,67.5,Out of stock,2024-01-14 10:35:20
9b0c1adf-dc01-4e72-8e52-4718a1ab2f8f,52934e7e-defb-410c-8601-0f91676922b3,Bashful Blue Bunny,MEDIUM,12.0,5.0,28.0,In Stock,2024-01-14 10:35:20
a6cc42ad-6a27-4bea-bc4f-9c14880a54b0,52934e7e-defb-410c-8601-0f91676922b3,Bashful Blue Bunny,TINY,5.0,2.0,10.0,Out of stock,2024-01-14 10:35:20
eb47a3f8-a605-4581-a09c-e2da1809e635,9b7b1964-e757-4fcf-804a-79996611d5ff,Bashful Pink Bunny,HUGE,20.0,8.0,67.5,Out of stock,2024-01-14 10:35:22
bcd9db82-9add-4528-b019-1780beb70388,9b7b1964-e757-4fcf-804a-79996611d5ff,Bashful Pink Bunny,MEDIUM,12.0,5.0,28.0,In Stock,2024-01-14 10:35:22
c0a67e1f-6a0f-4606-ba7d-03f162a95dc8,9b7b1964-e757-4fcf-804a-79996611d5ff,Bashful Pink Bunny,TINY,5.0,2.0,10.0,Out of stock,2024-01-14 10:35:22
3661dac8-8351-4c18-9b3f-d63d3d6ad8c5,dd607943-bd68-405d-b7e8-eee4b3f20209,Fuddlewuddle Puppy,MEDIUM,9.0,5.0,30.0,In Stock,2024-01-14 10:35:24
3af07b4e-65f8-4b6b-9838-b2f34edfe462,0cc0ffbc-47ae-449b-8c64-2055cbbef24f,Bashful Black & Cream Puppy with Personalised Cream Jumper,MEDIUM,12.0,5.0,38.0,In Stock,2024-01-14 10:35:26
8d713849-313b-4e7c-a012-290acc96076d,7681686b-8b68-4cc5-81db-348f79067092,Bashful Blue Bunny with Personalised Cream Jumper,MEDIUM,12.0,5.0,38.0,In Stock,2024-01-14 10:35:28
bae966a4-5241-4933-8989-a64981631fb4,0acd357b-2e58-4982-865a-b90476260c65,Bashful Pink Bunny with Personalised Cream Jumper,MEDIUM,12.0,5.0,38.0,In Stock,2024-01-14 10:35:30
c6557097-ced1-42d1-89b5-4fbcc8aa671b,b88c379b-f1f9-450d-8b5e-4f9403f0c6b5,Bashful Black & Cream Puppy with Personalised Navy Jumper,MEDIUM,12.0,5.0,38.0,In Stock,2024-01-14 10:35:32
3fdfc6f0-0d78-46a4-b2a4-57a9638041d9,fa40f9e3-1abf-4505-b07f-498c20164b74,Bashful Blue Bunny with Personalised Navy Jumper,MEDIUM,12.0,5.0,38.0,In Stock,2024-01-14 10:35:33
8fde5d1d-320c-4ac4-ad3a-15844630cff5,4b6a41f7-7125-4eef-a1d2-28813fae53e6,Bashful Pink Bunny with Personalised Navy Jumper,MEDIUM,12.0,5.0,38.0,In Stock,2024-01-14 10:35:35
9a125b29-f5df-44a5-9044-89fc3668c70d,1144358c-9fa7-49c9-81e9-b496f9493a74,Bashful Black & Cream Puppy with Personalised Red Jumper,MEDIUM,12.0,5.0,38.0,In Stock,2024-01-14 10:35:37
406beff9-8599-44fe-be1e-2e50d9ced976,5131de56-6940-4856-9610-972c99f1184c,Bashful Blue Bunny with Personalised Red Jumper,MEDIUM,12.0,5.0,38.0,In Stock,2024-01-14 10:35:39
78060f99-7c31-4a16-9cf4-f76575f915fb,7b2fc3bb-0b8b-42a3-9916-d900c60fec59,Bashful Pink Bunny with Personalised Red Jumper,MEDIUM,12.0,5.0,38.0,In Stock,2024-01-14 10:35:41
7c87b3b7-c71e-4796-8a98-10642217b879,a3177c4d-7455-4907-a203-2513ba835b16,Personalised Bashful Blue Bunny Medium,MEDIUM,12.0,5.0,34.0,In Stock,2024-01-14 10:35:43
5e778309-c392-4089-9d42-63ff24c8bbf3,cb70ce74-fb0d-4a0a-99d5-2e6cf0f1a9bc,Bashful Pink Bunny Rattle,SMALL,7.0,4.0,15.0,In Stock,2024-01-14 10:35:44
145cf083-1855-4cf9-8749-a0909caf4b02,af238cad-511b-48fb-87e9-2b9de86f89ec,Bashful Pink Bunny Soother,ONE SIZE,13.0,13.0,25.0,In Stock,2024-01-14 10:35:46
a3386ec2-a401-4dc3-982b-b551e6fc555b,e3333046-25e1-4c46-b6dd-c45c82d95a98,Personalised Bashful Cream Bunny Huge,HUGE,20.0,8.0,86.0,In Stock,2024-01-14 10:35:48
2967a5b4-77da-4270-9e87-242d5cd97a95,20108d7a-9068-486a-8196-1a9e43afe92f,Edward Bear,MEDIUM,13.0,6.0,30.0,In Stock,2024-01-14 10:35:50
53ca92b4-b919-4e86-a5df-7a5dc2447220,20108d7a-9068-486a-8196-1a9e43afe92f,Edward Bear,SMALL,10.0,5.0,23.0,Out of stock,2024-01-14 10:35:50
534bf012-36c7-4113-97da-0da4fa959285,a81cad0d-29c4-4fe8-910e-5c0dce9827f8,Personalised Bashful Beige Bunny Huge,HUGE,20.0,8.0,86.0,In Stock,2024-01-14 10:35:52
5a78ff45-7690-469c-98f7-437c9ab1ca54,e0509bfe-c3ec-440b-b0e3-5cb40109e612,Bashful Beige Bunny,VERY BIG,43.0,18.0,275.0,In Stock,2024-01-14 10:35:59
f712be63-7683-4227-95c2-4c6b14aefb82,e0509bfe-c3ec-440b-b0e3-5cb40109e612,Bashful Beige Bunny,REALLY BIG,26.0,12.0,125.0,In Stock,2024-01-14 10:35:59
c8d88167-a5e6-4f7f-b0b3-29b02c281563,e0509bfe-c3ec-440b-b0e3-5cb40109e612,Bashful Beige Bunny,HUGE,20.0,8.0,80.0,In Stock,2024-01-14 10:35:59
0d33d151-a79f-4517-b3c4-befd10bbf3a3,e0509bfe-c3ec-440b-b0e3-5cb40109e612,Bashful Beige Bunny,LARGE,14.0,6.0,43.0,In Stock,2024-01-14 10:35:59
dde09bdd-b7a7-4bdd-84c7-b8298ff1b654,e0509bfe-c3ec-440b-b0e3-5cb40109e612,Bashful Beige Bunny,MEDIUM,12.0,5.0,28.0,In Stock,2024-01-14 10:35:59
bf7cbfb5-1133-4edf-a4a7-fd5f392d11b7,e0509bfe-c3ec-440b-b0e3-5cb40109e612,Bashful Beige Bunny,SMALL,7.0,4.0,18.0,In Stock,2024-01-14 10:35:59
035213d7-6d0c-49f0-86c6-ad47db5dd738,e0509bfe-c3ec-440b-b0e3-5cb40109e612,Bashful Beige Bunny,TINY,5.0,2.0,14.0,In Stock,2024-01-14 10:35:59
96b20c75-a201-4a6b-b153-d8c846c17cef,06a92c6f-7742-45ee-bdbd-6ec21b3023cf,Bashful Beige Bunny with Personalised Cream Jumper,MEDIUM,12.0,5.0,38.0,In Stock,2024-01-14 10:36:01
6b1a6db8-f79f-48da-842a-d037cf05ac93,acf7e887-d9a5-4699-8715-f4f9b3ab79a3,Bashful Beige Bunny with Personalised Navy Jumper,MEDIUM,12.0,5.0,38.0,In Stock,2024-01-14 10:36:03
c72411cc-855a-49cd-be53-43acfc7f93d1,a7ecb9bf-aee7-451b-bc45-1f38530689d9,Bashful Beige Bunny with Personalised Red Jumper,MEDIUM,12.0,5.0,38.0,In Stock,2024-01-14 10:36:05
3599d2ae-0a4d-4745-bfc6-4bfd81acfb00,b4f6480c-65a3-4fd4-8a4b-1dda2cb62b07,Personalised Bashful Beige Bunny Medium,MEDIUM,12.0,5.0,34.0,In Stock,2024-01-14 10:36:07
d42053e4-f932-4cec-b5f0-16579951ddf6,cf6924ee-a396-43bc-8cdc-b9c468d2bfb4,Bashful Cream Bunny,VERY BIG,43.0,18.0,275.0,Returning to stock 2-3 months,2024-01-14 10:36:13
ab3caf69-11a8-4a10-b8e5-e72a41c80831,cf6924ee-a396-43bc-8cdc-b9c468d2bfb4,Bashful Cream Bunny,REALLY BIG,26.0,11.0,125.0,In Stock,2024-01-14 10:36:13
cdefc80c-b3aa-442f-8729-28bf5e79ca7a,cf6924ee-a396-43bc-8cdc-b9c468d2bfb4,Bashful Cream Bunny,HUGE,20.0,8.0,80.0,In Stock,2024-01-14 10:36:13
dfe75bb1-7e24-4142-a7cf-2c589c614fb5,cf6924ee-a396-43bc-8cdc-b9c468d2bfb4,Bashful Cream Bunny,LARGE,14.0,6.0,43.0,In Stock,2024-01-14 10:36:13
86c76dd5-7d03-49c7-8530-4de6809b3ff5,cf6924ee-a396-43bc-8cdc-b9c468d2bfb4,Bashful Cream Bunny,MEDIUM,12.0,5.0,28.0,Returning to stock 2-3 months,2024-01-14 10:36:13
40b588df-b07f-4dde-b0de-f11c81feca1e,cf6924ee-a396-43bc-8cdc-b9c468d2bfb4,Bashful Cream Bunny,SMALL,7.0,4.0,18.0,In Stock,2024-01-14 10:36:13
8244523d-89d2-491f-a101-d4952e1a8c69,e7713801-d295-452c-aafa-5f95afcb912e,Personalised Rose Dragon Huge,HUGE,7.0,26.0,126.0,In Stock,2024-01-14 10:36:16
d65e1534-728d-422b-b3ee-e257c69e082d,2016bba6-186b-48f0-a8c0-fbfce1674825,Personalised Bashful Pink Bunny Soother,ONE SIZE,13.0,13.0,31.0,In Stock,2024-01-14 10:36:18
f444cf27-5379-448c-991e-7f767ec33bce,b358c6d7-42d6-4b61-87ec-f975dee6a3b6,Rory Le Courageux Petit Lion & Fuddlewuddle Lion,MEDIUM,,,45.0,In Stock,2024-01-14 10:36:19
98bf2c28-8af4-45fc-8861-e6ae9e26231e,bd75711a-c402-4439-b79f-b81a15bc2753,Little Me Book and Bashful Beige Bunny,MEDIUM,,,43.0,In Stock,2024-01-14 10:36:21
64874a30-fedd-4a1d-97c8-0083517d63dc,eeda4f10-10cc-4b88-bc2b-fb5275d074c1,Lapin Timide Et Ses Petites Aventures & Bashful Beige Bunny,MEDIUM,,,43.0,In Stock,2024-01-14 10:36:23
720fb2d0-36ca-443e-80f2-1ce678d20017,9d7fa0df-c143-428b-8422-aca1c20fcf8a,Lottie Fairy Bunny Book and Lottie Bunny Fairy,ONE SIZE,,,47.5,In Stock,2024-01-14 10:36:24
b45f94b1-4bd2-45fd-850d-2e3557fce9f6,bae785d0-9483-4ff6-a846-1736cef70d53,Lapin Timide Veille Sur Tes Nuits & Bashful Cottontail Bunny,MEDIUM,,,43.0,In Stock,2024-01-14 10:36:26
d124e82f-2f9d-4bda-8207-a2dd693ef2fb,9004afb3-d910-4629-b072-57571f8cf22e,Merry Mouse Book and Merry Mouse,ONE SIZE,,,42.5,In Stock,2024-01-14 10:36:27
e485f600-96c3-41aa-89b0-a25081468632,4ffab46e-816b-483f-a242-c73586917553,Who Can I Find Book and Little Bunny,ONE SIZE,,,32.5,In Stock,2024-01-14 10:36:29
9dd91eda-87ee-416c-beb5-b7463f43fc6c,a3efcc97-fe9f-4c51-9279-ec2cddc2cb23,Lapin Timide Veut Grandir & Bashful Cream Bunny,MEDIUM,,,43.0,In Stock,2024-01-14 10:36:30
7d02ca6f-6fea-4e4c-becd-bab2c5e54da3,3e16036d-162b-4c3a-bb05-7a4b2fcc9b31,Ooky Bat,ONE SIZE,6.0,2.0,20.0,More on the way,2024-01-14 10:36:32
918119e5-fe4a-405b-83e4-709131b62435,495faaba-0283-42ac-a2c8-c056938303b1,Archie Dinosaur,ONE SIZE,9.0,6.0,35.0,More on the way,2024-01-14 10:36:34
557fc104-d222-405b-b5d4-56122bc99072,3c271352-fdb4-4767-9b76-a7ff27c4825b,Bashful Grey Kitty,MEDIUM,12.0,5.0,28.0,More on the way,2024-01-14 10:36:36
e7dc23ab-fa74-40af-9b0f-33d23e0d130e,017881ba-19ea-489d-b831-11226132400b,If I Were a Bunny Board Book,ONE SIZE,6.0,6.0,13.5,Returning to stock 2-3 months,2024-01-14 10:36:37
d7e6373e-56e4-44fd-87eb-8ef8de7da46c,7effb834-9bc3-41a7-b954-58e40de64e54,Blossom Beige Bunny Bag Charm,ONE SIZE,7.0,2.0,23.0,More on the way,2024-01-14 10:36:39
6048ee7a-c4c8-4ff7-8782-f91b84842fbb,7d461150-6c55-4734-a96a-eeba45168a9f,Blossom Blush Bunny Bag Charm,ONE SIZE,7.0,2.0,23.0,More on the way,2024-01-14 10:36:42
6cf246c5-955f-4035-9133-beafe7d93699,09b04a03-69d5-4c2f-aa63-c4e18c9b797b,Blossom Jasmine Bunny Bag Charm,ONE SIZE,7.0,2.0,23.0,More on the way,2024-01-14 10:36:43
57740f25-13f0-4585-bc2b-a9428382e841,e9358975-da41-4b2c-a186-ea16dabecbea,Backpack Panda,ONE SIZE,9.0,4.0,30.0,More on the way,2024-01-14 10:36:45
86ddfc41-c822-445f-8060-f56caeeb24a6,8d51d632-7e6e-4ddb-be2a-b2e5562d485b,Caboodle Puppy,ONE SIZE,4.0,4.0,20.0,More on the way,2024-01-14 10:36:46
f05cbee7-be0d-4033-a198-983b454cf543,56982ec7-b2dc-46a6-b0b8-5e0fdc6ed8ea,Carissa Persian Cat,ONE SIZE,10.0,10.0,45.0,Returning to stock 2-3 months,2024-01-14 10:36:48
c309910b-99a9-48ae-83c9-2c8ffec75bdd,692c890d-8def-4f7f-9b23-8ed33a67c469,Clyde Capybara,ONE SIZE,8.0,9.0,43.0,Out of stock,2024-01-14 10:36:49
24936371-8936-4728-84e9-5f892601e9d3,b0f2fbf0-8697-496f-9860-86b905dc6a33,Dara Giraffe,ONE SIZE,22.0,7.0,75.0,More on the way,2024-01-14 10:36:51
fbd05ac3-28d0-430d-9881-ff8069a671bc,99499c3a-94a4-4b64-91f3-bc54e3c85b0d,Dario Donkey,ONE SIZE,14.0,7.0,60.0,More on the way,2024-01-14 10:36:52
ec956df3-7abd-4873-b5b2-f96a4cb970c2,d2f68fe5-d64a-473e-953a-985499f915f4,Fuddlewuddle Ginger Cat,MEDIUM,9.0,5.0,30.0,More on the way,2024-01-14 10:36:54
9d078fd9-f0e8-46ab-98e5-4ca61b8004c6,08dda099-a113-46e5-af08-a0be9d99d670,Gordy Guinea Pig,ONE SIZE,8.0,6.0,30.0,More on the way,2024-01-14 10:36:56
d0b0d567-ff77-48f2-abca-7f2d02551aca,b9fdba61-c8d6-4568-a6bd-58405588b5f2,Huddles Kangaroo,ONE SIZE,10.0,6.0,45.0,Returning to stock 2-3 months,2024-01-14 10:36:57
bceea03a-640a-4453-bfd3-e7d766634a6f,ad7693b3-29eb-4378-863e-904193a9c902,Iris Siamese Cat,ONE SIZE,11.0,5.0,33.0,More on the way,2024-01-14 10:36:59
6ce326b4-9faf-4a3a-af5b-91c54fada4bf,6a8759da-d220-41e1-b073-8410c9f7e319,Little Goat,ONE SIZE,7.0,4.0,22.0,More on the way,2024-01-14 10:37:00
23aaef83-b961-4371-820c-8a6385447222,e1048bbf-32b4-4159-a03a-eb9a24a13609,Little Pig Bag,ONE SIZE,7.0,7.0,40.0,More on the way,2024-01-14 10:37:02
3ad1fb15-34e9-4fad-9f24-5ae618c9952a,d4d329f9-ab89-49ee-a314-27d2596c471d,Little Pup Bag Charm,ONE SIZE,7.0,2.0,25.0,More on the way,2024-01-14 10:37:03
a566e7ba-087d-409b-91e5-fa631a6559b4,bd3edfbe-ec10-4c52-a863-fbd896cf90b4,Randall Basset Hound,ONE SIZE,9.0,13.0,35.0,More on the way,2024-01-14 10:37:05
c40f9a68-070a-4108-8850-a8247dfc58f6,4fb203a5-7f95-4333-8332-c832bfc0075f,Richie Dromedary,ONE SIZE,11.0,17.0,60.0,More on the way,2024-01-14 10:37:07
426d9185-e260-4b31-a075-fd8365d472c4,0230a047-e8bf-436f-ae1c-398986a53356,Tilly Golden Retriever,ONE SIZE,11.0,6.0,35.0,More on the way,2024-01-14 10:37:08
748afd77-7ef0-4e17-95d9-fc8a3c03f510,c64b6af8-e4c0-44a3-b123-0310268d825c,Wanderlust Elly,ONE SIZE,7.0,14.0,100.0,More on the way,2024-01-14 10:37:10
1190149a-eccd-48fd-b483-b396da2b64d7,617bc6a3-912b-43f3-bdcd-d58784118e5a,Yummy Puppy,ONE SIZE,6.0,3.0,20.0,Returning to stock 2-3 months,2024-01-14 10:37:12
c6eeaa94-5b1b-45c0-ae13-01ab66b7cdb9,5bf58ae9-7eaf-4926-91f1-27ea978c96df,Honeyhome Bee,ONE SIZE,7.0,7.0,35.0,More on the way,2024-01-14 10:37:14
7276753c-858c-4805-82fd-8c4eea2e2d56,c137afea-8f02-46af-8673-f9de45b1414a,Messenger Bunny,ONE SIZE,7.0,5.0,32.5,Out of stock,2024-01-14 10:37:15
035a04ad-4c8a-44e2-b7ba-e1909f69e9b0,44efd4f6-c0ae-4886-9218-8f372117841c,Alexis Anglerfish,ONE SIZE,6.0,8.0,35.0,Out of stock,2024-01-14 10:37:17
b14620b6-2c6a-4fe9-b37d-b015cd03a1a4,a10a89b0-9d0f-4b60-9bc3-3acb9776e61a,Bartholomew Bear Bag,ONE SIZE,6.0,7.0,38.0,Returning to stock next week,2024-01-14 10:37:18
191ef8ef-c05f-49f3-99e2-5e34121ba40b,390bd451-8722-4729-81cd-8dd9274bcaee,Bashful Bunny Cream Bag Charm,ONE SIZE,7.0,2.0,19.0,Out of stock,2024-01-14 10:37:20
a29eb38b-2908-4556-99e8-755a71990236,690df17c-5813-4190-9b9b-2797ec14e0f9,Bashful Bunny Inky Bag Charm,ONE SIZE,7.0,2.0,19.0,More on the way,2024-01-14 10:37:21
d736f8af-5682-4214-969a-482189b7977d,b0f76e2d-40ab-4e85-9ee1-3b91d1f6b265,Kitten Tails Activity Book,ONE SIZE,9.0,5.0,18.5,More on the way,2024-01-14 10:37:23
ebfab40c-91da-4583-85f5-af8e6c436a03,974cfc14-36e7-4cb7-884c-71f645bd5473,When I Am Sleepy Book,ONE SIZE,8.0,8.0,15.0,Returning to stock next week,2024-01-14 10:37:25
8c5598c6-faa8-4972-868c-da9b8a137a18,d7bb02f9-0ad8-48a4-a1de-cea52041a01d,Backpack Puppy,ONE SIZE,9.0,4.0,30.0,More on the way,2024-01-14 10:37:26
3cd09a16-6dc1-43be-baf8-ad94ff8c083d,04d314bd-f481-4260-9847-9485cb0cde53,Caractacus Chameleon,ONE SIZE,15.0,7.0,65.0,More on the way,2024-01-14 10:37:28
61fcc95f-43f2-448f-a5cd-b9541e75d961,459997a2-8185-4ad3-9bdd-d465951023b3,Cauldron Cuties,ONE SIZE,6.0,5.0,35.0,More on the way,2024-01-14 10:37:30
03d62786-951f-46ce-97b1-0db1d41a86bd,65214f6f-0071-40d5-879b-ff16e7348ea4,Coquette Cutie Cat,ONE SIZE,10.0,2.0,32.5,More on the way,2024-01-14 10:37:31
bbec6f70-3b70-437e-a8a5-3b46298c72b5,1e5345c0-18fa-4ffa-9a83-5c4caf3bc1c1,Daphne Pomeranian,ONE SIZE,9.0,8.0,33.0,More on the way,2024-01-14 10:37:33
b69f3dad-75d3-4035-b5e1-dcf14f4c57c6,fc84ecde-155f-405f-8774-baf46ebb6745,Floofie St Bernard,ONE SIZE,7.0,16.0,80.0,More on the way,2024-01-14 10:37:34
beb7cae0-c6fa-4bb4-9c0c-5a5a83081449,ca9d0009-124e-4123-9a33-bee158952be8,Freya Pony,ONE SIZE,13.0,13.0,65.0,More on the way,2024-01-14 10:37:36
8655b797-db8e-4d8f-88db-0c57a5b4ed3a,2a454c64-53fb-453e-b67d-7e60dceebb74,Georgiana Poodle,ONE SIZE,9.0,5.0,33.0,More on the way,2024-01-14 10:37:38
342d06ed-3816-465f-8c2d-9f6b83d71a48,2c4c3b19-a2d3-462e-ada2-326d0aaac45a,Jackson Husky,ONE SIZE,10.0,6.0,35.0,More on the way,2024-01-14 10:37:40
a483d959-f460-4450-9d0d-012641c910f1,401f3f4a-6de5-480c-8f8b-0d70daee7b64,Kitten Caboodle Grey,ONE SIZE,4.0,4.0,20.0,Returning to stock 3-4 weeks,2024-01-14 10:37:42
2197b1a5-f289-440a-8ea5-859380f58af9,d62d7f90-1aa3-401a-acbc-adc8b4a30078,Little Snake,ONE SIZE,6.0,8.0,22.0,Returning to stock 2-3 months,2024-01-14 10:37:44
87ebff83-33cd-4100-b24d-825accabd68c,a0f36e29-cb43-42bb-b91e-2601e26a8039,Munro Scottie Dog Bag Charm,ONE SIZE,4.0,2.0,23.0,Returning to stock 2-3 months,2024-01-14 10:37:46
071d5181-1141-4e28-a172-49b78e3f28c0,b77b5127-abeb-401a-b18e-3aef7412b3d1,Munro Scottie Dog Bag,ONE SIZE,9.0,5.0,40.0,Out of stock,2024-01-14 10:37:48
4a17e46f-4820-4c2a-86af-cecfba8b9b3e,b1afcadc-6751-46a5-bf7f-68b64f6dc50d,Myrtle Hippopotamus,ONE SIZE,15.0,6.0,45.0,More on the way,2024-01-14 10:37:50
c4dac32b-2789-4831-9d22-d78e2ec38904,5fc699b8-35d5-42e6-b668-ae406b4c355c,Nessie Nessa,ONE SIZE,9.0,14.0,30.0,Out of stock,2024-01-14 10:37:51
7c621da0-c775-4be9-ad8e-914aea0bac1b,6f2c2a34-d62b-4e7a-b68e-a8ebbde3324a,Otto Sausage Dog Bag,ONE SIZE,6.0,9.0,40.0,Returning to stock 3-4 weeks,2024-01-14 10:37:53
be64754b-ee26-429e-8814-39f920817975,76e9b9b2-7b07-441b-8283-de80dac1c753,Ricky Rain Frog Bag Charm,ONE SIZE,3.0,3.0,23.0,Returning to stock next week,2024-01-14 10:37:55
cbf54bdc-87fd-49be-818c-d2321418cc89,edb4713d-b0cb-427b-afac-d9950ad42083,Sweater French Bulldog Purple,ONE SIZE,7.0,7.0,32.5,More on the way,2024-01-14 10:37:56
f2137399-6685-48db-ad3b-85271afa6bd7,98e303d2-6ef5-42d7-b493-0ade4d00ef4a,Timmy Turtle,ONE SIZE,11.0,8.0,40.0,More on the way,2024-01-14 10:37:58
f65a1038-ad19-4e71-9e40-89239002c573,53eca4b6-46ad-4ae7-aba8-e670322d11d9,Yummy Bear,ONE SIZE,6.0,3.0,20.0,Returning to stock 2-3 months,2024-01-14 10:37:59
4fc99bd0-f670-430f-b5f2-686f8dc8738a,f1444711-e878-41c4-b8bf-7a3174500746,Birdling Seagull,ONE SIZE,4.0,3.0,17.0,More on the way,2024-01-14 10:38:01
90af91ba-2ce0-45ff-92d7-4510fbf6a2ba,c2670a3c-6b85-4a2c-a735-6745d876a5bd,Bartholomew Bear Bedtime,MEDIUM,10.0,5.0,30.0,More on the way,2024-01-14 10:38:03
37110b19-f877-4207-9ee8-2916d42bddb3,62cbe633-e00c-415c-ba87-61e9564ad740,Little Reindeer,ONE SIZE,7.0,4.0,20.0,More on the way,2024-01-14 10:38:04
4e7b6aed-91ff-4822-a4db-12a15c2fc9f3,b573eb6a-f656-4453-910b-8a89b7bb6547,Merry Mouse Sleighing,ONE SIZE,7.0,4.0,42.5,Out of stock,2024-01-14 10:38:06
4f83bd5c-ec13-436e-82ad-ec023108b3e4,b427728f-bbfe-4613-a6b6-5b267b93edca,Winter Warmer Munro Scottie Dog,ONE SIZE,8.0,5.0,32.5,Out of stock,2024-01-14 10:38:07
d2d8a2c3-c693-4146-850f-7fe7f3a689d5,42fef583-796b-4e8f-9e67-9325d93bf205,Nesting Penguins,ONE SIZE,4.0,5.0,35.0,More on the way,2024-01-14 10:38:09
d4721ecb-850e-443b-ba47-eeb5b2823bcd,07333350-8e4e-4eff-bd25-03300599816b,Ronnie Rockhopper Penguin,ONE SIZE,10.0,4.0,25.0,More on the way,2024-01-14 10:38:11
f48494be-2be0-4073-ab89-b441261e63b6,b9dcdc3e-e72c-45b7-81e9-d637a328449c,Wee Reindeer,ONE SIZE,5.0,3.0,17.5,Out of stock,2024-01-14 10:38:12
47e471c3-43ae-48fd-9772-b0c7d6388f11,aa0ca714-4059-420a-801b-781e74037410,Blowzy Belle Cat,ONE SIZE,17.0,4.0,37.5,More on the way,2024-01-14 10:38:14
3070be9c-f8b3-493d-a8e9-ee2bf90d405a,7921cab6-3341-4147-a3ba-4d62ae474fe5,Fuzzkin Lamb,ONE SIZE,9.0,4.0,25.0,More on the way,2024-01-14 10:38:15
1de1c893-6211-4197-9623-5631b06cd9d6,9c5a3322-c4f9-4664-8399-632967876fb9,Herbie Highland Cow,ONE SIZE,10.0,6.0,35.0,More on the way,2024-01-14 10:38:17
7db80c00-34f9-4fa7-999d-7118ebe5b44d,0d5ea7e1-cd42-4772-9bf0-fded62e060bd,Little Mouse,ONE SIZE,7.0,4.0,22.0,More on the way,2024-01-14 10:38:19
a31af198-f3e5-43b8-8cb6-3cdff415605e,c40468bd-6db0-4522-93a8-a3c35356bb9e,Personalised Bashful Luxe Bunny Rosa Huge,HUGE,20.0,8.0,91.0,More on the way,2024-01-14 10:38:20
7a55926e-9f2b-4fd0-b915-ecc5088f9a84,8118606e-a4a3-42b6-b4f1-661806003282,Sweetsicle Elephant,ONE SIZE,6.0,3.0,20.0,More on the way,2024-01-14 10:38:22
c961665a-bca0-4ec3-8243-d0f1b019dd37,05ee6804-b513-4393-81f2-7a7153045a48,Tumblie Elephant,ONE SIZE,5.0,14.0,30.0,Returning to stock 2-3 months,2024-01-14 10:38:23
2523c60a-ffd9-4970-b3dd-d745471ca831,5c028fbe-2b53-4239-b314-c9a095e71a54,Wavelly Whale Blue,ONE SIZE,2.0,6.0,15.0,More on the way,2024-01-14 10:38:25
66ee4f07-aee3-4181-8680-634b795f952d,fcd79ca5-6553-4195-8921-a6498c206b0e,Wavelly Whale Grey,ONE SIZE,3.0,5.0,15.0,Returning to stock 2-3 months,2024-01-14 10:38:26
a4082b7c-7bd7-4634-90c4-3f10328af742,e528903b-ee74-4025-a20c-2edeb275bb25,Lottie The Ballet Bunny Book,ONE SIZE,7.0,7.0,15.0,Returning to stock next week,2024-01-14 10:38:28
f0359e52-4e6a-4c57-923f-68bba356b2ad,5bf20e25-d2d2-45c3-aa15-35d29bc033f5,Sandy Snail,ONE SIZE,5.0,3.0,27.0,Returning to stock 2-3 months,2024-01-14 10:38:30
f6fc9cb9-fb5d-4d7c-b752-83383d0ecfaf,0e686567-266f-41d5-8014-64594c3aac01,Yummy Duckling,ONE SIZE,6.0,4.0,20.0,More on the way,2024-01-14 10:38:31
7fb9b31f-82a9-4a4c-b0a5-a7ffe7c16b9d,6a0bbaea-7e55-43e2-81ec-9a3de44a7d87,Yummy Lamb,ONE SIZE,6.0,4.0,20.0,More on the way,2024-01-14 10:38:33
d008f470-7d71-43d4-98b9-2e822d00cee6,5a8ef932-e75e-429b-bcf6-ff4bc174dd98,Amore Dog,ONE SIZE,10.0,7.0,40.0,More on the way,2024-01-14 10:38:34
393b0ade-5937-4922-9cf4-848fc6d9bcf7,5df73892-3569-4719-81e5-41ee8eed5c8e,Ambrosie Squirrel,ONE SIZE,9.0,4.0,35.0,More on the way,2024-01-14 10:38:36
d55a5125-90e6-4c2d-8e9a-e3bcfdbe24d1,06c0fa53-3f3c-4cfc-b530-e5bb1aeb6a1f,Archibald Elephant,MEDIUM,10.0,5.0,28.0,Returning to stock 2-3 months,2024-01-14 10:38:37
b0001b51-1424-4c9a-a12a-9db2f27fda8c,ce193e47-9275-46e9-a59f-74a99696a663,Barnabus Pig,HUGE,17.0,7.0,55.0,Out of stock,2024-01-14 10:38:40
1479247a-bda4-4163-9722-49a4397588e9,ce193e47-9275-46e9-a59f-74a99696a663,Barnabus Pig,MEDIUM,10.0,5.0,28.0,Returning to stock 2-3 months,2024-01-14 10:38:40
1a50f2c9-df01-4edd-96e3-b3d9c3a30b6c,efb5fd4a-dd0f-4aae-995c-a7082027f6a6,Bashful Koala,MEDIUM,11.0,5.0,28.0,More on the way,2024-01-14 10:38:41
75a3e7b4-3268-486b-bf23-a444660f7ec1,724f1695-61b5-4855-b40c-f6da577ce6ff,Backpack Unicorn,ONE SIZE,9.0,4.0,30.0,More on the way,2024-01-14 10:38:43
8360a6cd-c889-4434-814f-fa2670217e31,c2445382-2cdb-43d0-9d2f-1f62c80717f9,Floofie Sheepdog,ONE SIZE,10.0,16.0,80.0,More on the way,2024-01-14 10:38:45
cb40439b-d0f0-4db3-9b67-259b3743615c,f922deee-2dc0-4dfe-9ae3-5cc9310e2ad8,Magnus Manatee,ONE SIZE,6.0,14.0,50.0,More on the way,2024-01-14 10:38:46
3e5fd0ef-0d32-4ee2-917d-e9fb11e23c17,b6fbabc9-0733-4157-86e1-271c607b66bf,Napping Nipper Cat,ONE SIZE,4.0,6.0,25.0,More on the way,2024-01-14 10:38:48
d5e2f6e9-3e48-4fe6-b918-b3ba0d99d34d,37c63ba1-ae46-414c-a864-26eefdfdfb10,Hibernating Penguin,ONE SIZE,5.0,5.0,22.0,More on the way,2024-01-14 10:38:49
d80d99ab-1b2f-420e-9cf3-771a68b23fb9,c7d99b4f-9756-408c-846e-42cb4d753951,Little Penguin,ONE SIZE,7.0,3.0,22.0,More on the way,2024-01-14 10:38:51
42f59410-b4fd-4adb-aa3d-62578d634768,0f1ccc6e-a45c-4343-9d6a-59e1037f7ce2,Merry Mouse Candy Cane,ONE SIZE,7.0,4.0,27.5,More on the way,2024-01-14 10:38:53
ed3ecd14-72b0-4d18-b9c3-8daaae955fb1,95a14945-aa2d-4999-a52a-68ac68172148,Mitzi Reindeer,LARGE,14.0,4.0,50.0,More on the way,2024-01-14 10:38:55
f583e7f9-6594-4469-b9cf-f3bd57800b3f,95a14945-aa2d-4999-a52a-68ac68172148,Mitzi Reindeer,MEDIUM,10.0,3.0,32.5,More on the way,2024-01-14 10:38:55
cb164bf9-c44d-417c-94bd-85548b81cbcb,3063a352-4d0c-4792-912d-a6cb0825d470,Bashful Black Kitten,MEDIUM,12.0,5.0,28.0,More on the way,2024-01-14 10:38:57
0eb840b0-f439-4bd4-9453-24e6c0c5ea04,4cb4d821-c567-4a24-a7ae-493886b954a3,Bashful Snow Tiger,REALLY BIG,26.0,12.0,125.0,Out of stock,2024-01-14 10:38:59
890b257d-1468-421c-906c-179e219ae089,4cb4d821-c567-4a24-a7ae-493886b954a3,Bashful Snow Tiger,HUGE,20.0,8.0,80.0,Out of stock,2024-01-14 10:38:59
e21b09b9-6ecd-4b81-a401-4b41c3c952a7,4cb4d821-c567-4a24-a7ae-493886b954a3,Bashful Snow Tiger,MEDIUM,12.0,5.0,28.0,Returning to stock next week,2024-01-14 10:38:59
cab70111-fe36-4297-bc85-5482c2a9bac3,96dd8159-b9c9-4400-97bd-f9fce7546479,Birdling Blue Jay,ONE SIZE,4.0,3.0,17.0,More on the way,2024-01-14 10:39:01
42ef881a-8752-40e2-ad18-a96db92fe85f,c8719b3f-2884-4781-9c46-e1d0a5e883a8,Birdling Mallard,ONE SIZE,4.0,3.0,17.0,More on the way,2024-01-14 10:39:03
5e324b8a-7bc8-44a9-b27b-5a146a57401b,7e8a486e-92d4-4c5f-b0ae-094c30bbd8d1,Birdling Pigeon,ONE SIZE,4.0,3.0,17.0,More on the way,2024-01-14 10:39:05
fc743b4d-ba5b-42ca-886e-94a8576e3773,19a54db9-e737-4f22-b0da-2ad238d53604,My Dad and Me Book,ONE SIZE,8.0,8.0,15.0,Returning to stock next week,2024-01-14 10:39:07
d4f7540a-ba95-40f6-9892-e779a86e279a,24626564-7d07-44a5-886c-5309f0bcea81,Backpack Elephant,ONE SIZE,9.0,4.0,30.0,Returning to stock 2-3 months,2024-01-14 10:39:08
1a2af40a-f833-4bf5-86e5-9fa685ce1aff,fd99eea6-2ba4-4974-87fe-9becadf73900,Bruce Bush Baby,ONE SIZE,7.0,5.0,27.5,More on the way,2024-01-14 10:39:10
332994ff-182d-4b0c-8fad-52eaa0fbd674,bdde9786-6cab-4f5f-887b-fd009237b411,Curvie Sheep Dog,ONE SIZE,9.0,6.0,33.0,More on the way,2024-01-14 10:39:12
6ac2c970-440a-4cf5-861b-8541735e5384,3382ef17-89db-43d6-bc6a-b750079a57cb,Huggady Panda,LARGE,13.0,7.0,67.5,Out of stock,2024-01-14 10:39:14
6b519fae-7d8a-494c-ae61-678f8cd1ab76,3382ef17-89db-43d6-bc6a-b750079a57cb,Huggady Panda,MEDIUM,9.0,5.0,30.0,More on the way,2024-01-14 10:39:14
3c453524-8a3e-4f12-9f26-135b6562a98b,b425ae31-cc1b-4611-8013-fa81b504a604,Bashful Snow Tiger with Personalised Cream Jumper,MEDIUM,12.0,5.0,38.0,Returning to stock next week,2024-01-14 10:39:16
66930b67-0ec1-40d8-8e19-138d0566c096,8166249f-61d1-4f1b-a20c-803f664a5559,Bashful Snow Tiger with Personalised Navy Jumper,MEDIUM,12.0,5.0,38.0,Returning to stock next week,2024-01-14 10:39:18
ac070591-97cd-48be-88fb-d2b6f10544e1,cc8fbb6c-9474-4ab5-8f03-e7e06c5e6987,Bashful Snow Tiger with Personalised Red Jumper,MEDIUM,12.0,5.0,38.0,Returning to stock next week,2024-01-14 10:39:19
c6a9ddb3-3e37-4c47-a65d-f84f494c80d0,d7d5a583-23a0-4f38-9c2e-06d1592ade66,Kitten Caboodle Ginger,ONE SIZE,4.0,4.0,20.0,More on the way,2024-01-14 10:39:21
39e7922a-7b78-4c10-9a83-ec530874e07a,eec3febd-05c9-4bf8-b17c-c81886177b88,Little Frog,ONE SIZE,7.0,4.0,22.0,More on the way,2024-01-14 10:39:23
c8bd95ad-7a91-41a1-afbb-0d5adf4d7b6c,a439707a-473d-4b90-9898-e24f391c7f45,Munro Scottie Dog,HUGE,17.0,9.0,75.0,Out of stock,2024-01-14 10:39:24
f9667c3f-0d3b-4f52-ac01-affe323d4ead,a439707a-473d-4b90-9898-e24f391c7f45,Munro Scottie Dog,MEDIUM,9.0,5.0,30.0,Returning to stock 2-3 months,2024-01-14 10:39:24
e30cad6f-f23d-48ac-b3f4-198b241b7988,f1e3aacc-1907-49e3-b50f-ddc4af9a6a51,Pacey Pufferfish,ONE SIZE,6.0,9.0,33.0,Returning to stock 2-3 months,2024-01-14 10:39:26
81bd7c76-13c5-42a0-a0b6-4432c2fe55b9,16c06f0e-d52a-49e4-aef5-ed053133b43d,Rock-a-Bye Bunny,ONE SIZE,7.0,4.0,30.0,More on the way,2024-01-14 10:39:27
904e096b-acbe-4f5a-a1b2-043d502ac2a3,56eda1c4-d0b8-4f85-b110-5f13590f5b0a,Sleepee Panda,MEDIUM,14.0,6.0,25.0,Out of stock,2024-01-14 10:39:29
4adad2a1-7e86-4fa4-a579-fafd91b00b0e,56eda1c4-d0b8-4f85-b110-5f13590f5b0a,Sleepee Panda,SMALL,9.0,4.0,18.0,Out of stock,2024-01-14 10:39:29
455ed018-5b25-4768-9675-429458e1010b,c905e25d-7713-4b52-b41c-9f6074e20f3a,Tommy Turtle,ONE SIZE,12.0,6.0,27.5,More on the way,2024-01-14 10:39:31
9d6911f2-e219-4423-a328-c25763c0d277,69e4ffe8-cac6-451b-91d5-bf018d02f02f,Tully Turtle,ONE SIZE,4.0,10.0,33.0,Returning to stock next week,2024-01-14 10:39:33
e02a392f-f84d-4454-8397-66be4c09bfd1,ce086484-5f5c-40e4-a888-325ca057c2d1,Willow Owl,ONE SIZE,8.0,4.0,23.5,More on the way,2024-01-14 10:39:34
2ee0c0b6-4975-41d4-a914-a6def3b5081a,c72e6a0e-c377-4820-a2c1-c4913a27e8e1,Bashful Petal Bunny,MEDIUM,12.0,5.0,28.0,More on the way,2024-01-14 10:39:37
760d72ba-18f1-41f7-9bf7-c4d847762ef8,c72e6a0e-c377-4820-a2c1-c4913a27e8e1,Bashful Petal Bunny,SMALL,7.0,4.0,18.0,More on the way,2024-01-14 10:39:37
9c44afbf-f903-4d15-9fb5-8d346905b4bb,d672510d-e989-4d9d-b553-d3cfff9733d3,Bashful Fudge Bunny with Personalised Cream Jumper,MEDIUM,12.0,5.0,38.0,More on the way,2024-01-14 10:39:39
37fa88a5-9b8c-433b-b8c1-b5a8a92fd8d1,efbd123b-538d-4130-b7aa-9b9b791cc9a1,Bashful Fudge Bunny with Personalised Navy Jumper,MEDIUM,12.0,5.0,38.0,More on the way,2024-01-14 10:39:41
d2418021-e544-46b3-9a5e-198959809f03,a443cfaa-4198-40eb-adbe-71dab1612020,Bashful Fudge Bunny with Personalised Red Jumper,MEDIUM,12.0,5.0,38.0,More on the way,2024-01-14 10:39:43
22b400bb-5137-4446-8ca8-1d9eaac4957d,cc51b8d9-60de-480b-a462-d5ed2df7e9ec,Personalised Bashful Fudge Bunny Medium,MEDIUM,12.0,5.0,34.0,More on the way,2024-01-14 10:39:45
61279179-7822-4b38-b9e5-54f17c04498c,80634dd4-0d25-475e-b459-5f62ea918990,Tumblie Duck,ONE SIZE,5.0,14.0,30.0,Returning to stock next week,2024-01-14 10:39:46
3e483e15-caa3-4329-96a0-876ff23696b8,86d43403-9cbf-4dd8-a6c9-f2b9f85bf035,Yummy Bunny Mint,ONE SIZE,5.0,4.0,20.0,More on the way,2024-01-14 10:39:48
84eeac35-4d63-4ea7-b097-3475066b4678,a34a1e81-f4bf-4e1e-bac2-ed7e414a948f,Pet Tails Book,ONE SIZE,8.0,5.0,18.5,More on the way,2024-01-14 10:39:49
d4f86e4c-032e-475b-ae75-5dc0b75e1775,99ad2054-6cf1-4e58-befe-594cecffc4fd,Bonbon Monkey,ONE SIZE,9.0,4.0,16.0,More on the way,2024-01-14 10:39:51
d9b72efa-33a9-4b30-94fa-08028dbdb456,2d6c1c14-72fa-4569-87aa-665b0a7ab721,Backpack Bunny,ONE SIZE,9.0,4.0,30.0,More on the way,2024-01-14 10:39:53
8666a23b-e9ee-4b61-b7e2-95da23921a5f,11e300af-e062-4465-958b-3a9c2e891139,Backpack Dino,ONE SIZE,9.0,4.0,30.0,More on the way,2024-01-14 10:39:54
