jellycatsizeid,jellycatid,jellycatname,size,price,stock,height,width,datecreated
badb635a-eb46-4592-87e5-55c3e0872b4e,9b9b8631-42c2-43d4-95d8-12e0d6ffbdf0,Bashful Luxe Bunny Azure,HUGE,85.0,In Stock,20.0,8.0,2024/01/08 19:11:55
2728e9cf-5c02-4c3b-9612-93a64d638158,9b9b8631-42c2-43d4-95d8-12e0d6ffbdf0,Bashful Luxe Bunny Azure,MEDIUM,35.0,In Stock,12.0,5.0,2024/01/08 19:11:55
58bbeec9-f599-4a4e-8e28-2d54fb8dba12,e859689f-729a-42be-80cd-ba06db585941,All Kinds of Cats Book,ONE SIZE,15.0,In Stock,9.0,7.0,2024/01/08 19:11:56
219e430d-7f29-48f2-bb6c-f376cf72d855,e40b4800-b9fa-4de1-9e3c-41598c28e734,Fergus Frog,ONE SIZE,50.0,In Stock,13.0,4.0,2024/01/08 19:11:58
2c07c9da-fe8e-4f35-860a-4b9ed7083399,d274cea0-2880-45ff-a9f9-49342d97e840,Jellycat Head Giant,ONE SIZE,220.0,In Stock,22.0,24.0,2024/01/08 19:12:00
b2044ec9-d7ec-4692-a380-1d6e7024b227,568f558d-e999-4da3-b338-03eb70c9db1c,Jellycat Jack,REALLY BIG,165.0,In Stock,26.0,9.0,2024/01/08 19:12:02
407cffbe-b1c3-44be-b01d-23f9979f31ae,568f558d-e999-4da3-b338-03eb70c9db1c,Jellycat Jack,HUGE,110.0,In Stock,19.0,6.0,2024/01/08 19:12:02
0f9776e0-187b-486a-a9a9-5b6666308212,568f558d-e999-4da3-b338-03eb70c9db1c,Jellycat Jack,MEDIUM,45.0,Returning to stock this week,13.0,4.0,2024/01/08 19:12:02
0c67274f-83f0-440c-9e2d-212d90249d94,d2c8582b-611a-4868-8890-491716eba33f,Jellycat Bag Charm,ONE SIZE,28.0,In Stock,5.0,4.0,2024/01/08 19:12:03
d12c7c21-3ca3-4031-8a96-824a6f3434db,55481758-63e1-4d68-8c1f-6982705181dc,Jellycat Bag,ONE SIZE,45.0,In Stock,6.0,9.0,2024/01/08 19:12:05
acc8f617-0d9e-4cce-a74a-ed8c5237661a,a74493cc-3754-434c-98f7-efce32f570a6,Junglie Monkey,MEDIUM,55.0,In Stock,18.0,7.0,2024/01/08 19:12:07
ab54d699-2e5b-4ed3-b2e2-37618e65761f,a57dc462-fe8e-4a5b-aea2-ec24792d8b55,Truffles Sheep,LARGE,110.0,In Stock,9.0,25.0,2024/01/08 19:12:10
7d05a9af-1749-43ff-96a5-ab4ae75de680,0c0b9edf-c5cd-4e4b-a65d-6be7d05207db,Golden Dragon,HUGE,120.0,In Stock,7.0,26.0,2024/01/08 19:13:18
67cf038c-958e-4671-8524-817a724bff72,0c0b9edf-c5cd-4e4b-a65d-6be7d05207db,Golden Dragon,LARGE,65.0,In Stock,5.0,20.0,2024/01/08 19:13:18
c64f45c8-fee9-4d81-9806-6df1e52b500b,0c0b9edf-c5cd-4e4b-a65d-6be7d05207db,Golden Dragon,LITTLE,32.5,In Stock,3.0,12.0,2024/01/08 19:13:18
9a601d11-7f0a-4f0c-8025-074abc795db1,6e3876d1-8729-4b9a-9edd-465c2a145c19,Golden Dragon Bag Charm,ONE SIZE,28.0,In Stock,5.0,9.0,2024/01/08 19:13:20
7d64b1a3-0a41-4799-917c-4309de98e414,47a71f73-4fd2-4fc8-a532-7f67872f9a93,Lavender Dragon Bag Charm,ONE SIZE,28.0,In Stock,5.0,9.0,2024/01/08 19:13:21
f1ead41b-7aec-4a79-8cf7-a3f7ebd3a2cc,f25bd69a-d3f3-4331-8271-cb99944e0362,Little Dragon Bag Charm,ONE SIZE,23.0,In Stock,7.0,2.0,2024/01/08 19:13:23
f18e92ae-1c19-4634-b919-734b9930c707,c181f4ec-ac01-49d2-91db-2236944c86ba,Rose Dragon Bag Charm,ONE SIZE,28.0,In Stock,5.0,9.0,2024/01/08 19:13:24
137ceed5-d625-4f51-ac01-9ab47a12c65c,14cdd830-718d-41c7-9246-66a1ae1695f2,Snow Dragon Bag Charm,ONE SIZE,28.0,In Stock,5.0,9.0,2024/01/08 19:13:26
3e6bf1ce-d436-4ba0-901c-e51292f77e8e,136035f6-13ae-4623-80f0-86a2f019b5a5,Aimee Sheep,ONE SIZE,40.0,In Stock,8.0,9.0,2024/01/08 19:13:28
1817283b-6db7-4a88-880f-8f1cdd2b3c96,82aaf2ec-73b7-4320-bd59-8ab8639a4dc6,Bashful Red Love Heart Bunny,MEDIUM,32.0,In Stock,12.0,5.0,2024/01/08 19:13:29
bb1e8158-600d-4fca-ae68-70afa8c9fa49,82aaf2ec-73b7-4320-bd59-8ab8639a4dc6,Bashful Red Love Heart Bunny,SMALL,25.0,In Stock,7.0,4.0,2024/01/08 19:13:29
fe2dab06-f2a0-4ea6-9c06-b468b07628df,3ebd1de7-3405-4479-908a-c3d5b86a434e,Fabian Frog Prince,ONE SIZE,40.0,In Stock,9.0,8.0,2024/01/08 19:13:31
5f173d44-56fd-4d5f-9e1b-6af7a64308dd,7e5a3794-07c0-45d7-8f2f-229160cc617f,Loulou Love Bug,ONE SIZE,20.0,In Stock,2.0,5.0,2024/01/08 19:13:33
87878689-3eb8-43a0-9fad-f88207d66b35,8d99ae88-61d1-4eaf-9d7f-6f7009c3d8f9,Amore Bunny,MEDIUM,40.0,In Stock,10.0,7.0,2024/01/08 19:13:34
342a5ea0-922c-4813-b6d7-5ac0ff113865,e3b66e13-4a47-4ecb-8c6f-1444845013dc,Bibbly Bobbly Sheep,ONE SIZE,55.0,In Stock,14.0,9.0,2024/01/08 19:13:36
acb10d35-3044-4039-9bc3-ac53caa8dbd6,42f9f6ee-8610-45ed-a028-e65265798eef,Brynlee Bee,ONE SIZE,28.0,In Stock,5.0,6.0,2024/01/08 19:13:38
404a2083-845e-49ea-b690-3c3558290ce7,75fe5535-fc65-4295-a8b3-e72d87e48143,Bartholomew Bear Bathrobe,MEDIUM,45.0,In Stock,10.0,5.0,2024/01/08 19:13:39
ccdc418e-1a66-4a09-997e-6518501f4fde,fbf5301d-b192-4aa3-9d4d-042b19bce0f3,Bashful Duckling,MEDIUM,28.0,In Stock,12.0,5.0,2024/01/08 19:13:41
c54d33d3-47bf-4d35-b952-9b6ea606a246,c74e22a0-e66f-4a47-adc6-f0af0f59d0bc,Bashful Moss Bunny,MEDIUM,28.0,In Stock,12.0,5.0,2024/01/08 19:13:43
c7db24c3-ff4f-4e45-8437-f20c9dbbfbdd,c74e22a0-e66f-4a47-adc6-f0af0f59d0bc,Bashful Moss Bunny,SMALL,18.0,In Stock,7.0,4.0,2024/01/08 19:13:43
c3aaa703-6d06-43e3-bb6e-ee67a89d0164,f78452ee-fb12-4db3-acaa-0e6ded7aa4ac,Bashful Viola Bunny,MEDIUM,28.0,In Stock,12.0,5.0,2024/01/08 19:13:45
d776306f-dc48-4d2d-93b6-844446d22591,f78452ee-fb12-4db3-acaa-0e6ded7aa4ac,Bashful Viola Bunny,SMALL,18.0,In Stock,7.0,4.0,2024/01/08 19:13:45
5d99f5f6-34af-472f-b40b-34284ded8120,b79a2df9-711f-40c8-b1e7-5a42ac91be0a,Bashful Bunny with Carrot,SMALL,28.0,In Stock,7.0,4.0,2024/01/08 19:13:46
d031d97d-84a0-4972-aa10-4ebce9d9b44c,c0311cde-7b17-4d64-b2e9-0c15e018bbb8,Bashful Bunny with Daffodil,SMALL,28.0,In Stock,7.0,4.0,2024/01/08 19:13:48
2ce51962-126a-481e-8533-7461c3bd002a,87682ae5-2636-43ab-8447-6ac3206a5dc5,Lottie Fairy Bunny Book,ONE SIZE,15.0,In Stock,7.0,7.0,2024/01/08 19:13:49
755d0da7-4ef5-45d8-8d13-3ae2a7bed37f,e05cd47c-af7c-4939-9045-0eaa67b691ae,Blossom Cherry Bunny,MEDIUM,28.0,In Stock,12.0,5.0,2024/01/08 19:13:51
d570483b-b771-4e68-9a6f-2466bbc13098,e05cd47c-af7c-4939-9045-0eaa67b691ae,Blossom Cherry Bunny,SMALL,18.0,In Stock,7.0,4.0,2024/01/08 19:13:51
b8b9b3f0-c34b-49fd-a2d0-4b474f4bbd97,75bf1202-a791-4f55-9e8a-87514bba3f16,Dainty Dessert Bunny Macaron,ONE SIZE,28.0,In Stock,5.0,5.0,2024/01/08 19:13:53
2aed432f-5c4e-4f6f-a575-06ea75ce7139,24a5a6ef-e4aa-4151-bcd4-acdf84133cbf,Lottie Bunny Fairy,ONE SIZE,32.5,In Stock,11.0,3.0,2024/01/08 19:13:54
b5103c64-b114-4fa9-b2a6-772211c2feee,01de10b4-0e78-4371-ad21-3ea05a3cbaf6,Messenger Bunny,ONE SIZE,32.5,In Stock,7.0,5.0,2024/01/08 19:13:56
332eba31-1fb5-44f3-a36e-c2beeeca39e1,2410def2-5baf-4dba-93ce-ce1dbf634b41,Smudge Rabbit Big,BIG,75.0,In Stock,6.0,17.0,2024/01/08 19:13:58
782c042b-5851-43ff-99ef-7bcc7344ccc2,37d5c89a-e7e0-423b-8f1e-79d78f111699,Amore Corgi,MEDIUM,40.0,In Stock,10.0,7.0,2024/01/08 19:13:59
b446b660-0c2e-4f3e-aa6c-1c609b12dd13,bce1262a-4356-42f4-87df-12c3cb1a1b64,Bartholomew Bear Pumpkin,LARGE,50.0,In Stock,14.0,8.0,2024/01/08 19:14:01
f3a5ef6a-0b7d-4030-85c8-fcdec7de09c3,125e91e6-57ac-4480-9b22-19264654b7a6,Bashful Pegasus,MEDIUM,28.0,In Stock,12.0,5.0,2024/01/08 19:14:03
fe9c7bed-fea8-471a-aa82-14d73d6b9d40,53ee60f9-b902-4f3c-8def-5d5bfd21b7ed,If I Were an Owl Board Book,ONE SIZE,13.5,In Stock,6.0,6.0,2024/01/08 19:14:04
6edb9b78-92e1-49be-9ee2-decc9b8f7152,9cf60853-d1a2-4bae-8d44-951e832d22c4,Betty Corgi Bag Charm,ONE SIZE,23.0,In Stock,4.0,2.0,2024/01/08 19:14:06
28a3893b-590a-4a66-928e-1700725e9a2c,0475ce66-2680-4535-a17a-fe7aa40d0cf7,Rory Le Courageux Petit Lion Livre (The Very Brave Lion),ONE SIZE,15.0,In Stock,9.0,9.0,2024/01/08 19:14:08
a5b42c4e-937e-4239-9cb1-3ed5b23308a5,916bda2f-9cfb-4e33-bced-e1f03321877a,Lapin Timide Et Ses Petites Aventures Livre (Little Me),ONE SIZE,15.0,In Stock,8.0,8.0,2024/01/08 19:14:10
11c3b58a-23ae-4839-857d-723af86001f6,9187637d-a62e-40bf-9c17-6a0873c98045,Merry Mouse Skiing,ONE SIZE,37.5,In Stock,8.0,5.0,2024/01/08 19:14:11
7c9f8e18-3d62-46b5-9ae1-706655fdd095,f8db85cd-c891-42cf-8d5c-87eba2e5328c,Lapin Timide Veille Sur Tes Nuits Livre (The Magic Bunny),ONE SIZE,15.0,In Stock,7.0,7.0,2024/01/08 19:14:13
c8e2688d-ad30-47a9-b542-7d5685623909,7ce8e6e1-0fce-40fc-8baa-4212070e6fe7,Lapin Timide Veut Grandir Livre (When I Am Big),ONE SIZE,15.0,In Stock,8.0,8.0,2024/01/08 19:14:15
6b06f496-1dff-4969-b4f6-596a05083bc4,0d9f78fc-f3c6-4731-b3ad-4411859a17f6,Bodacious Beak Parrot,ONE SIZE,30.0,In Stock,9.0,4.0,2024/01/08 19:14:17
55faad6f-db1b-47ce-94f3-4407d86aae19,bfcc9b5f-bbbc-4bee-bb32-32f9452e36ed,Bodacious Beak Toucan,ONE SIZE,30.0,In Stock,9.0,4.0,2024/01/08 19:14:19
f450a072-f399-4b60-b1e8-ddebadf8437b,00268971-702b-45de-9a3a-8a2a2a9a2947,Bryno Dino,ONE SIZE,55.0,In Stock,12.0,6.0,2024/01/08 19:14:21
5631f7c6-35d7-4d2f-93b1-563c2e6d16ea,19e084fd-3b7e-4c8c-8feb-9dfb63e437c6,Coquette Cutie Bunny,ONE SIZE,32.5,In Stock,10.0,2.0,2024/01/08 19:14:22
113c078f-6b3d-4332-b9f4-29ada308e154,b587667c-11ce-4b69-a6f3-b3d2e4cc44ee,Comfy Coat Bunny,ONE SIZE,25.0,In Stock,7.0,3.0,2024/01/08 19:14:24
b24e4111-8f2a-49e6-88e6-c8ed37f3c801,d363f1e9-538e-4ab1-adf7-669d5fbb2c72,Comfy Coat Mouse,ONE SIZE,25.0,In Stock,7.0,3.0,2024/01/08 19:14:25
1683de88-799c-4a5d-9264-f080c04b681c,86fa069e-160e-40fb-9c11-15d8cacd9dd9,Cuddlebud Bernard Bunny,ONE SIZE,28.0,In Stock,6.0,4.0,2024/01/08 19:14:27
f7cac169-a403-4c89-a18a-92da703cfd6d,84c5a97c-2c85-41b6-8a06-7fd540771554,Cuddlebud Darcy Dormouse,ONE SIZE,28.0,In Stock,6.0,4.0,2024/01/08 19:14:29
44a1ba47-7467-48c3-8b41-1efeafa783f2,6cbe7e6a-7358-43b0-8561-0529892c9c8c,Cuddlebud Morgan Mole,ONE SIZE,28.0,In Stock,6.0,4.0,2024/01/08 19:14:30
76cd9b98-5b8a-4744-8937-cff591062a5d,1212f023-e660-4902-b6b8-fc29bf5f402d,Spooky Greta Gremlin,ONE SIZE,40.0,In Stock,11.0,4.0,2024/01/08 19:14:32
d1e3ec5d-9297-4b70-9947-455c7c34321a,c7f35efd-de92-4dfe-a5d2-ce458ed1e406,Harvey Bear,ONE SIZE,150.0,In Stock,11.0,25.0,2024/01/08 19:14:34
d58c5af0-4ba4-4935-87c8-deb3b507b305,9265a488-a85a-4943-9174-d746ecd4fb09,Huddles Grey Elephant,ONE SIZE,45.0,In Stock,10.0,6.0,2024/01/08 19:14:35
570aae5f-e80a-48a3-ae27-19c37254895e,6eef333b-aec8-47f1-b83d-59ea837caa5c,Isadora Unicorn,ONE SIZE,65.0,In Stock,13.0,13.0,2024/01/08 19:14:37
1fda6af5-e166-4b4e-8861-077a5e51e57d,0cbadbb1-d17c-4589-93d9-e14585e9dfc7,Little Dragon,ONE SIZE,22.0,In Stock,7.0,4.0,2024/01/08 19:14:39
56fb67f7-e177-4d6a-bd93-d5679ac0440d,d5b07e8c-7dee-47e4-b0dc-52a804b1487f,Lois Lionfish,ONE SIZE,35.0,In Stock,6.0,10.0,2024/01/08 19:14:40
cd723253-9f42-4a54-8b12-5d2dae94281e,01ea3570-daa5-40de-90e4-d5ad95af632e,Napping Nipper Westie,ONE SIZE,25.0,In Stock,4.0,6.0,2024/01/08 19:14:42
0aa9d7cf-8e09-4650-806a-fa73af6a50e6,92e75182-b8f8-41b3-aaa9-1c5cfd030655,Otto Sausage Dog Bag Charm,ONE SIZE,23.0,In Stock,4.0,2.0,2024/01/08 19:14:44
f2e80453-0e84-433f-a758-38cd43567a86,134a1eeb-8a95-47ef-8955-3b5066a50620,Ricky Rain Frog Bag,ONE SIZE,40.0,In Stock,7.0,7.0,2024/01/08 19:14:45
367f5905-847c-4314-93a0-ae6a05debb93,7564c4f7-94ca-4de3-be48-be20bf114370,Stellan Sabre Tooth Tiger,ONE SIZE,75.0,In Stock,19.0,7.0,2024/01/08 19:14:47
72843dbe-5abc-4a76-84df-18eb519218d3,277b1801-b018-4e53-8ff8-c3019e785eaa,Sweater French Bulldog Purple,ONE SIZE,32.5,In Stock,7.0,7.0,2024/01/08 19:14:48
7c513486-f755-4270-9aaa-bf6246923f4c,1dc0df1c-eef7-4807-b20c-89cefad25756,Bashful Snow Tiger Soother,ONE SIZE,25.0,In Stock,13.0,13.0,2024/01/08 19:14:50
f785bd63-b863-4576-bf06-ad37d70d214c,b6a45500-df8c-436a-9df2-8949e1603c28,Spindleshanks Spider,SMALL,27.5,In Stock,3.0,14.0,2024/01/08 19:14:52
bb503c7a-978e-443d-8161-b3a1ba7fe912,ab172034-5347-4eb3-a3b0-481e06e87d74,Stanley Stick Insect,ONE SIZE,28.0,In Stock,3.0,11.0,2024/01/08 19:14:54
a1a2fdba-08b2-42d5-83ca-921a748a20cc,58188e20-9743-44ea-8cc7-862f9851ab6d,Viggo Mammoth,ONE SIZE,75.0,In Stock,19.0,7.0,2024/01/08 19:14:55
0bafe279-9a3f-401a-bfcb-cd9bc7ae7ccb,d0102678-f2c7-4ae8-bb3b-f16e6edb9b58,Maya Octopus,REALLY BIG,130.0,In Stock,30.0,12.0,2024/01/08 19:14:57
694916c3-8314-428e-a2cc-44a39eb9a5f9,d0102678-f2c7-4ae8-bb3b-f16e6edb9b58,Maya Octopus,LARGE,53.0,More on the way,19.0,7.0,2024/01/08 19:14:57
c1de0ca4-65b4-4fdc-bb3e-98ea0de35431,d0102678-f2c7-4ae8-bb3b-f16e6edb9b58,Maya Octopus,LITTLE,30.0,Returning to stock 3-4 weeks,9.0,4.0,2024/01/08 19:14:57
6be01680-764c-4d74-9034-5b2673e98fa8,d0102678-f2c7-4ae8-bb3b-f16e6edb9b58,Maya Octopus,TINY,18.0,Returning to stock 2-3 months,6.0,3.0,2024/01/08 19:14:57
1b655968-1250-4652-8856-6c50714cbd4b,de41286c-b4bc-417a-b9cb-f05414167fe1,Albert Jack Russell,ONE SIZE,30.0,In Stock,7.0,6.0,2024/01/08 19:14:59
a0c2253e-dc19-4650-a543-0dc41e12dc03,882d3427-693d-4fca-ae4d-9df3eae1385d,Birdling Hummingbird,ONE SIZE,17.0,In Stock,4.0,2.0,2024/01/08 19:15:01
7a6cd6b1-d94b-4028-a8bf-ad0182c0ed16,8bb4e0b4-f001-4d04-b207-0586dc7659ee,Bashful Christmas Bunny,MEDIUM,27.5,In Stock,12.0,5.0,2024/01/08 19:15:03
17ba3dcd-20da-4272-8453-0a34c4692361,75387512-83cf-46ac-b504-4c00656338df,Bashful Luxe Bunny Luna,HUGE,85.0,In Stock,20.0,8.0,2024/01/08 19:15:05
5360b833-6cb2-42de-9ab2-23b50e26e2b0,75387512-83cf-46ac-b504-4c00656338df,Bashful Luxe Bunny Luna,MEDIUM,35.0,In Stock,12.0,5.0,2024/01/08 19:15:05
c5cba985-7c1b-45fd-8600-2b450626e41c,89e13bb9-a7ea-4719-a0e1-4bbcc584b591,Bashful Christmas Bunny Decoration,TINY,15.0,In Stock,5.0,2.0,2024/01/08 19:15:07
40fdf2c2-f505-4404-8b4f-8a0510d68fa9,29dd3de2-9bd3-443e-8e63-4c45f9e6687d,Merry Mouse Book,ONE SIZE,15.0,In Stock,7.0,7.0,2024/01/08 19:15:09
b9d3120d-50c0-47bc-8dbb-956cc67c0095,935eb975-32b8-4ca3-9c2d-f05af759c5eb,Otto’s Snowy Christmas Book,ONE SIZE,15.0,In Stock,7.0,9.0,2024/01/08 19:15:10
3cf7bfd2-bc5c-4f7f-a991-b101738708b3,66bdad56-f4ba-46d1-a3cf-804db6ea337c,The Playful Polar Bears Book,ONE SIZE,15.0,In Stock,8.0,8.0,2024/01/08 19:15:12
ed9076b0-1647-4ea4-9a6b-4c75f21fe6fc,aaec8a14-6c5d-4958-ba3c-287e8f1ac7de,Mitzi Reindeer’s Dream Book,ONE SIZE,15.0,In Stock,8.0,8.0,2024/01/08 19:15:14
f3a2803a-9e0a-4909-8aad-4cbd79df765d,edcfb629-c635-4a14-8fbb-e7bf78c49e8a,Festive Folly Penguin,ONE SIZE,12.5,In Stock,4.0,2.0,2024/01/08 19:15:16
4a03d67d-6aa5-4c9a-873d-339369ccf29b,b3e07beb-6784-4cc1-bc17-4299f30a095d,Sofia Reindeer,ONE SIZE,60.0,In Stock,17.0,5.0,2024/01/08 19:15:17
69e1180d-a15b-4377-816e-eded5f2681a0,318a9751-fec6-4770-9106-2deb618cd00b,Christmas Grizzo,ONE SIZE,37.5,In Stock,11.0,4.0,2024/01/08 19:15:20
ccbd1607-a2a8-41f3-ab78-f47ce65f4101,0aa80360-712e-432c-9e91-e594a737c6fc,Maurice Macaroni Penguin,ONE SIZE,32.5,In Stock,8.0,5.0,2024/01/08 19:15:22
d0a9520f-eaf8-42e9-ad7a-547524519c88,b6c5b7d5-4c46-4dd5-9fc6-75248bae19c7,Merry Mouse,ONE SIZE,27.5,In Stock,7.0,4.0,2024/01/08 19:15:24
2833fa82-f81b-44b0-a4fe-cded3a281609,be8062d0-ab91-4074-8d0a-ebcf8a98eb82,Merry Mouse Present,ONE SIZE,27.5,In Stock,7.0,4.0,2024/01/08 19:15:26
4577d278-a6d9-4c81-8c5d-f6d6d4b2a91a,beee754d-b914-42e3-a3fc-dc266c6cfc7a,Winter Warmer Otto Sausage Dog,ONE SIZE,32.5,In Stock,6.0,3.0,2024/01/08 19:15:28
64bd4273-80b6-4dcc-b56f-4983273b094c,15da1a12-5bff-44fd-9abb-ebf8a3b30c49,Personalised Bashful Luxe Bunny Luna Huge,HUGE,91.0,In Stock,20.0,8.0,2024/01/08 19:15:30
9b96913d-ee4c-4d10-8c44-3f3a9823ea78,53de4956-5c49-4772-aac5-f44bd85cb659,Personalised Bashful Luxe Bunny Luna Medium,MEDIUM,41.0,In Stock,12.0,5.0,2024/01/08 19:15:32
318d17d4-56bf-4578-9e5c-7f703f888347,57a5ef58-1963-4f20-9cc7-352b4d3fc534,Winter Warmer Pippa Black Labrador,ONE SIZE,32.5,In Stock,9.0,3.0,2024/01/08 19:15:33
4fe56566-915c-402f-9df3-5665ed5bbe17,89306b4e-f6e7-4c37-afb8-62b1f21c1905,Santa Ricky Rain Frog,ONE SIZE,35.0,In Stock,6.0,5.0,2024/01/08 19:15:35
b0b82a2c-7c16-45db-afc7-71349e247708,8774d081-7327-45af-8722-8974de7400d4,Otto's Snowy Christmas Book & Winter Warmer Otto Sausage Dog,ONE SIZE,47.5,In Stock,,,2024/01/08 19:15:37
66a3348d-c8b1-4118-8db6-34a9233a5c05,8d4ad49d-0865-4a27-9cdd-d946fa4e1052,Amuseabean Bunny,ONE SIZE,20.0,In Stock,4.0,4.0,2024/01/08 19:15:39
ea35206e-9db9-4ff6-be34-606fb06c37ee,0b980144-be49-4f5e-bd1d-ddeeabc53755,Amuseabean Highland Cow,ONE SIZE,20.0,In Stock,4.0,4.0,2024/01/08 19:15:41
2660dbe7-e4c7-42e9-a29d-48e800fad71d,15c04879-3381-48a7-b7e8-ce9111cb1de0,Amuseabean Ram,ONE SIZE,20.0,In Stock,4.0,4.0,2024/01/08 19:15:43
8e8dbdef-6333-4b74-ad31-d9a5e155675a,ea403ee6-2356-4016-86f7-38bebba3b9b4,Bartholomew Bear Bag Charm,ONE SIZE,23.0,In Stock,5.0,2.0,2024/01/08 19:15:45
b25015c6-8936-4862-9033-15762aebe058,96bba7f7-7f42-4e4c-9cc4-92a5800b896e,Bashful Luxe Bunny Rosa,HUGE,85.0,More on the way,20.0,8.0,2024/01/08 19:15:46
2e707b27-34ff-47ca-9a65-ae70f4dfa88c,96bba7f7-7f42-4e4c-9cc4-92a5800b896e,Bashful Luxe Bunny Rosa,MEDIUM,35.0,In Stock,12.0,5.0,2024/01/08 19:15:46
0910c239-8fc3-4f38-ab93-2b07e260ae39,325ed17e-75a5-4d9b-9c50-da504f2322e9,Bashful Luxe Bunny Willow,HUGE,85.0,More on the way,20.0,8.0,2024/01/08 19:15:48
b4797780-9080-4904-8e02-ffc51db8ba59,325ed17e-75a5-4d9b-9c50-da504f2322e9,Bashful Luxe Bunny Willow,MEDIUM,35.0,In Stock,12.0,5.0,2024/01/08 19:15:48
e21bec14-9e82-4b5e-ac8c-40780bc5872a,c0734a59-3b0a-4322-96d4-b12eef9e663c,Birdling Goldfinch,ONE SIZE,17.0,In Stock,4.0,3.0,2024/01/08 19:15:50
ac52211a-2fea-4fcc-8790-9c14dc8cef37,f8811cde-8b66-488b-9cda-b964a3be6a0e,Birdling Swallow,ONE SIZE,17.0,In Stock,4.0,3.0,2024/01/08 19:15:52
3c3fa29e-e705-4ca4-9613-e03745563d8f,93b714f2-dc4c-45b7-8d2f-af15a354ee68,Blowzy Belle Sheep,ONE SIZE,37.5,In Stock,16.0,4.0,2024/01/08 19:15:55
74790b2a-b813-4e6f-b157-302bace2fec0,ae18768c-472d-4160-8870-fc70d2cb2000,Fou Fou Ostrich,ONE SIZE,28.5,In Stock,8.0,6.0,2024/01/08 19:15:56
2ce53ff8-4d5b-4c7a-b3fb-e3df75116e55,666d95e0-4448-499c-a77f-ca0a083b7795,Fou Fou Peacock,ONE SIZE,28.5,In Stock,8.0,6.0,2024/01/08 19:15:58
b33b5e31-661b-45a5-a3ec-1ee2734e54f3,e12ef97e-fd2a-4dfb-bda7-f6919b97255f,Fuzzkin Monkey,ONE SIZE,25.0,In Stock,9.0,4.0,2024/01/08 19:15:59
f86ff2fb-1f06-4ea2-a627-f38e32627007,b7a3e794-9d46-4c77-a892-22e45c8ffb29,Ginny Goat,ONE SIZE,35.0,In Stock,10.0,6.0,2024/01/08 19:16:01
305515f5-75b5-41ab-8424-2dab80c53920,eef07030-d06e-4958-b289-91d3b437bd8a,Gracie Grouper Fish,ONE SIZE,30.0,In Stock,4.0,10.0,2024/01/08 19:16:02
a6978f75-d400-4a0b-b144-afc13e7abb30,94954fff-0176-4c2c-a792-dfc2f2e617fc,Hector Fox Terrier,ONE SIZE,35.0,In Stock,9.0,4.0,2024/01/08 19:16:04
5f79c200-87f0-4a8b-abd9-ead9d54a7ea6,d6ebd1df-9bd7-4e52-9f13-f51c46240afe,Jinx Monster,ONE SIZE,35.0,In Stock,17.0,6.0,2024/01/08 19:16:06
b7c923a9-c675-4796-88d7-52d707d20b49,79f47aa0-1b0b-44d3-813b-6c0d0cb52a6c,Jollipop Cat,ONE SIZE,23.5,In Stock,8.0,4.0,2024/01/08 19:16:07
445d6c64-715f-4ff6-a553-c1953282b696,7a668322-e695-4d93-bbd7-c4e39b7b074c,Jollipop Puppy,ONE SIZE,23.5,In Stock,8.0,4.0,2024/01/08 19:16:09
b5b5f452-4784-4093-9882-2a4b45e835cf,1bb19243-3cdd-4f06-a244-3be4abf7db56,Lavender Dragon,HUGE,120.0,In Stock,7.0,26.0,2024/01/08 19:16:11
d7871c46-a482-410d-87cc-e5c9110345a4,1bb19243-3cdd-4f06-a244-3be4abf7db56,Lavender Dragon,MEDIUM,65.0,In Stock,5.0,20.0,2024/01/08 19:16:11
38716b48-0cad-45ae-bd53-036ef303e40b,1bb19243-3cdd-4f06-a244-3be4abf7db56,Lavender Dragon,LITTLE,32.5,In Stock,3.0,12.0,2024/01/08 19:16:11
cdf76223-22dc-4990-9494-7afbb55846a6,97b98900-5db5-4cca-a3ff-75818d54a464,Lila Ballerina Bunny,ONE SIZE,35.0,In Stock,13.0,2.0,2024/01/08 19:16:12
ceff343c-b4f2-49b2-96aa-ef0cefda7346,a51bd1a4-022f-410f-9bf8-fa3ae7e07399,Madison Monkey,ONE SIZE,32.5,In Stock,13.0,2.0,2024/01/08 19:16:14
6b151071-3a8f-4a1f-885c-6458081a499c,5e288c72-76c4-44fe-9d33-9c7fb078310d,Ollivander the Orca,ONE SIZE,70.0,In Stock,9.0,25.0,2024/01/08 19:16:16
4c77e176-f6e7-4949-8c51-9cf8f0bb9783,8e5a8936-4e3d-4a2d-a89e-0ff60ea67377,Oswald Orangutan,ONE SIZE,65.0,In Stock,13.0,12.0,2024/01/08 19:16:18
a869202f-6c19-4a68-84fe-054fd35c8d05,2271868d-e8ef-4726-9c40-ace053e2133d,Personalised Bashful Luxe Bunny Willow Huge,HUGE,91.0,In Stock,20.0,8.0,2024/01/08 19:16:19
5d83ff36-fab0-4706-9254-5101e524937a,075e3cc1-d861-4c18-87db-2e559b62244d,Personalised Bashful Luxe Bunny Rosa Medium,MEDIUM,41.0,In Stock,12.0,5.0,2024/01/08 19:16:21
0d9cd090-ae28-4c77-8d81-9fc2f96a4aa6,ad23d150-52a4-4d31-8715-9865879e046a,Personalised Bashful Luxe Bunny Willow Medium,MEDIUM,41.0,In Stock,12.0,5.0,2024/01/08 19:16:23
dd01b6fe-d7aa-4d99-9046-482ea9849a1c,3ac44a97-d3f6-4d64-9b13-6d94b64420da,Personalised Lavender Dragon Huge,HUGE,126.0,In Stock,7.0,26.0,2024/01/08 19:16:25
204b5556-5845-492b-8877-9ccd26337091,fe5374b5-8e57-4fd0-8a07-119285f94f6f,Pippa Black Labrador,ONE SIZE,33.0,In Stock,9.0,4.0,2024/01/08 19:16:26
bdee9579-a6e7-4229-a0c0-0cae4daaf19a,27533d52-4aa3-41d5-aeab-a70b75594622,Quaxy Elephant,ONE SIZE,35.0,In Stock,10.0,6.0,2024/01/08 19:16:28
05031706-9ae9-4d63-9ff3-2ba60a37ae76,ff20a3e9-1ba7-481e-bdb8-7ff0734f2737,Quaxy Pig,ONE SIZE,35.0,In Stock,10.0,6.0,2024/01/08 19:16:30
d27dd339-b52e-42c2-b40d-7a9706c46212,bd7acd3a-4857-491e-be21-bc35f14c80bd,Ramonda Ostrich,ONE SIZE,40.0,In Stock,22.0,6.0,2024/01/08 19:16:31
5bc1536c-4a37-4f77-a1e3-d92e1bda8142,a259a1d4-44da-4e45-b906-5e8b9433bcf2,Rock-a-Bye Kitten,ONE SIZE,30.0,In Stock,7.0,4.0,2024/01/08 19:16:33
639d385f-d1cb-4799-bf89-e12cb28cf349,ae0f97a4-5caf-4bd1-b8c3-327ab904fb42,Sweetsicle Bunny,ONE SIZE,20.0,In Stock,6.0,3.0,2024/01/08 19:16:35
cc15060b-9a1f-4215-a0ea-9f2cf9b19802,372923e9-3426-4eb8-a854-4dc608acf263,Syd Salamander,ONE SIZE,27.5,In Stock,10.0,4.0,2024/01/08 19:16:36
796ab5c8-4087-41ae-9e66-1de20d5e2820,f54f5dec-a8da-4593-8f75-3b1857b9d8aa,Bashful Hot Pink Bunny,MEDIUM,28.0,In Stock,12.0,5.0,2024/01/08 19:16:39
38f59003-2fe1-4c71-af03-e053492161fb,f54f5dec-a8da-4593-8f75-3b1857b9d8aa,Bashful Hot Pink Bunny,SMALL,18.0,In Stock,7.0,4.0,2024/01/08 19:16:39
5eebe00d-2b65-4e97-901e-47450fb62b10,af64bc23-ecb1-4a94-a265-783c96a9d7bb,Bashful Sunshine Bunny,MEDIUM,28.0,In Stock,12.0,5.0,2024/01/08 19:16:41
ab531555-5a20-4c42-b0ca-cbff5f73c51e,af64bc23-ecb1-4a94-a265-783c96a9d7bb,Bashful Sunshine Bunny,SMALL,18.0,In Stock,7.0,4.0,2024/01/08 19:16:41
56dbe8ca-114a-410d-b512-3b38e56b31eb,f2a930d0-8160-4cd3-bfcd-587562790199,Goodnight Bunny Book,ONE SIZE,15.0,In Stock,7.0,7.0,2024/01/08 19:16:44
837a8fe7-b273-4842-90c7-5c4913b5d9ab,38465cfe-2f19-4681-a78d-59934ad7ae02,Bluebell Butterfly,ONE SIZE,33.0,In Stock,8.0,13.0,2024/01/08 19:16:45
a380b088-7722-4722-8c05-ab875f603fb8,2da914d1-333f-4d66-af01-6965dfe918ea,Bonnie Bunny with Egg,ONE SIZE,23.5,In Stock,6.0,3.0,2024/01/08 19:16:47
e76a44a5-e047-4d93-9107-b557638d32a5,5426f25f-117e-418d-a1bf-4a57a8b6b23b,Burly Boo Sheep,ONE SIZE,25.0,In Stock,7.0,5.0,2024/01/08 19:16:49
3e1ee42a-7f89-4160-a2fe-b05e36d54d18,7ef71f0e-debf-4d0a-84bb-031123512f1f,Cluny Cockerel,ONE SIZE,35.0,In Stock,9.0,5.0,2024/01/08 19:16:51
815ae722-8932-4e40-a9d8-ebe4a73c9535,c145420d-b9fe-4559-8b41-d6f022496dc4,Escarfgot Purple,ONE SIZE,20.0,In Stock,6.0,3.0,2024/01/08 19:16:53
b0a9a707-62b1-4c70-9bea-f422b5821689,fcaf7a4f-9da4-466a-a489-2c294a1878b5,Escarfgot Pink,ONE SIZE,20.0,In Stock,5.0,2.0,2024/01/08 19:16:54
f88256ae-0135-4bed-b7e2-4b67439bc15d,fa6786ec-804f-4208-a4ca-932f54a772a4,Bashful Hot Pink Bunny with Personalised Cream Jumper,MEDIUM,38.0,In Stock,12.0,5.0,2024/01/08 19:16:56
156839ca-db6a-46c9-8ace-5c8a37c67074,3d9f1c40-919d-4090-a2b0-3fb2bcfa0cc8,Bashful Sunshine Bunny with Personalised Cream Jumper,MEDIUM,38.0,In Stock,12.0,5.0,2024/01/08 19:16:58
24abd5ed-92c9-40b4-b46f-c03bc2ca8ab7,b9f36f1a-30a1-4372-aaf7-553ba70dab50,Bashful Hot Pink Bunny with Personalised Navy Jumper,MEDIUM,38.0,In Stock,12.0,5.0,2024/01/08 19:17:00
36cf61b9-eb3f-4f42-8d77-f5c815c22ca2,464d0737-1c05-4cf1-860a-bd3bd1886d81,Bashful Sunshine Bunny with Personalised Navy Jumper,MEDIUM,38.0,In Stock,12.0,5.0,2024/01/08 19:17:02
c39ea31b-e100-4683-8e3b-906ee7a054cc,5277835c-250f-40b9-a59d-9ec94dc1b0ba,Bashful Sunshine Bunny with Personalised Red Jumper,MEDIUM,38.0,In Stock,12.0,5.0,2024/01/08 19:17:04
e3679753-c166-44d3-9e64-43d791f8bd23,85fea408-f830-45d7-8432-b25e284769e1,Layla Ladybird,ONE SIZE,25.0,In Stock,3.0,6.0,2024/01/08 19:17:06
22c6102a-9a79-43e0-b50b-8f4f7e235c32,9837677c-e119-4a82-a0da-8c508b4bf280,Nesting Bunnies,ONE SIZE,35.0,In Stock,4.0,6.0,2024/01/08 19:17:07
961386d4-6766-4cdc-9a19-278e3aa45130,65b9cf2e-7cb5-4a54-9051-84f386b789e3,Personalised Bashful Hot Pink Bunny Medium,MEDIUM,34.0,In Stock,12.0,5.0,2024/01/08 19:17:09
2d0c9223-962c-4216-a7b7-47c03bcfd298,4409832e-872f-4766-8e12-03b105855dbd,Personalised Bashful Sunshine Bunny Medium,MEDIUM,34.0,In Stock,12.0,5.0,2024/01/08 19:17:11
77afb7e7-54f2-4231-8294-01ae5e6782f8,87383e97-7a28-4f39-851b-60c26e01ce55,Blossom Heart Blush Bunny,ONE SIZE,17.5,In Stock,6.0,3.0,2024/01/08 19:17:13
23693b5c-5b91-4c1e-9ce3-b6c43342dbdc,2973392d-3d5e-43c7-9778-8a97be638fa6,Blossom Heart Tulip Bunny,ONE SIZE,17.5,In Stock,6.0,3.0,2024/01/08 19:17:14
bd020968-1627-4fca-8944-0a60564ce8b1,8ac0a4fb-dc2b-4060-acca-7851906f7faa,Crowning Croaker Green Frog,ONE SIZE,17.5,In Stock,5.0,3.0,2024/01/08 19:17:16
1444880b-0075-44b6-83c2-25d0aa31a388,bbc43532-ca53-432f-a99d-038da95daf4f,Love-Me Lobster,ONE SIZE,24.0,In Stock,6.0,3.0,2024/01/08 19:17:18
c7494540-e2da-4154-b07b-8dde724e2082,b3c57c04-1c5f-47d7-8132-518811749d9e,Ambrosie Fox,ONE SIZE,35.0,In Stock,9.0,5.0,2024/01/08 19:17:20
30c3adbd-663b-4cca-81d9-3eb29c8faeea,f2f97d53-a3f1-4660-afef-376b328ed5e5,Ambrosie Hare,ONE SIZE,35.0,In Stock,9.0,4.0,2024/01/08 19:17:22
9244bd85-64bd-4450-b47d-d77eb61e89dc,e7c8f4be-10f9-468b-a7c7-6d1b6794bcc3,Anoraknid Black Spider,ONE SIZE,20.0,In Stock,5.0,4.0,2024/01/08 19:17:23
506972b2-fd12-4970-ab51-7c7798ffcb0b,291d1040-6bee-41ef-9c2e-33386516d360,Andie Axolotl,MEDIUM,32.5,In Stock,11.0,5.0,2024/01/08 19:17:25
0c89030e-70e8-475a-a26a-ef6c01ec804a,291d1040-6bee-41ef-9c2e-33386516d360,Andie Axolotl,SMALL,22.0,Out of stock,7.0,2.0,2024/01/08 19:17:25
f68ffd5b-f14e-49c2-b2dc-706ff693e133,c5e74596-e70e-497b-a4c2-f58b6134305d,Bashful Golden Bunny,MEDIUM,28.0,In Stock,12.0,5.0,2024/01/08 19:17:28
bc2430e1-b6b7-4766-a4c0-ebec3fb997b5,c5e74596-e70e-497b-a4c2-f58b6134305d,Bashful Golden Bunny,SMALL,18.0,In Stock,7.0,4.0,2024/01/08 19:17:28
403243a8-fe95-47ea-a765-c9edc204d4cc,39f66347-c746-431b-b936-734437940a93,Bashful Mineral Blue Bunny,MEDIUM,28.0,In Stock,12.0,5.0,2024/01/08 19:17:31
a0606668-40a0-4f7c-91a0-b3d4ff63330e,39f66347-c746-431b-b936-734437940a93,Bashful Mineral Blue Bunny,SMALL,18.0,Out of stock,7.0,4.0,2024/01/08 19:17:31
01500e4c-72c1-45ed-b6e6-652282e69b08,ee0d929e-48c8-4d5e-ab98-d6de3c1e0a4f,Bashful Wolf,MEDIUM,28.0,In Stock,12.0,5.0,2024/01/08 19:17:33
12e242cd-b2ad-4a44-a054-72c6252b8be2,368dcc2d-bba7-4cbf-8f72-e9e6bccd9cd4,Wrapabat Black,ONE SIZE,20.0,In Stock,6.0,2.0,2024/01/08 19:17:34
72e15c2e-3d69-4f90-857b-3b27e5e8c821,5125e48b-e4e0-43b1-aa92-e6e5a5428992,Beatnik Buddy Poodle,ONE SIZE,28.0,In Stock,11.0,3.0,2024/01/08 19:17:36
14b28bd4-ea07-40bd-a245-c3186b602a8e,b2bb2df3-810a-4e61-8e0b-6474690602b3,Beatnik Buddy Sausage Dog,ONE SIZE,28.0,In Stock,11.0,3.0,2024/01/08 19:17:38
b995be35-2b44-4453-b8d1-cc47311dc004,0da008c8-7fd4-41cd-b58c-9f487ba91f87,Daddy Loves Me Book,ONE SIZE,20.0,In Stock,6.0,6.0,2024/01/08 19:17:40
f2856f26-88b6-4945-9dca-ecf0aeef219e,2344d781-d3e6-4484-a773-e439c58fd5a2,Mummy Loves Me Book,ONE SIZE,20.0,In Stock,6.0,6.0,2024/01/08 19:17:42
bd51e383-0e5c-4d35-a662-5f6d3a20e610,219d8dca-3e61-4e64-8902-424b8fdf3af4,Backpack Wolf,ONE SIZE,30.0,In Stock,9.0,4.0,2024/01/08 19:17:44
6b237ee1-b8ce-47b1-953c-07de12e98903,481d3c79-e1d6-40b8-a8c0-bd08434e6726,Big Spottie Unicorn,ONE SIZE,75.0,In Stock,17.0,6.0,2024/01/08 19:17:46
0183893e-47f4-4120-9617-ace99cf136bb,c818e8e4-c9bd-4463-84e0-107a543d61a3,Cozy Crew Seahorse,ONE SIZE,25.0,In Stock,7.0,2.0,2024/01/08 19:17:47
01d29317-5ea6-4fb4-b423-6fe26fe82f4e,8c1e2a1c-16fd-4ba7-a9fd-50a9dc0db389,Davey Dilophosaurus,ONE SIZE,32.5,In Stock,11.0,5.0,2024/01/08 19:17:49
324d6b31-5f65-45f9-882d-e278994d1228,55251355-f388-4c75-b9d0-e092154f9bbd,Delano Dorado Fish,ONE SIZE,27.5,In Stock,5.0,10.0,2024/01/08 19:17:51
de0e0d6f-c7db-460c-9928-38108b4c87f5,a846a3c0-08d6-44d8-b92e-c80e7a7c4f71,Evelyn Swan,ONE SIZE,40.0,In Stock,19.0,6.0,2024/01/08 19:17:53
9a2d13ad-c0e3-43e0-afa1-806aba30dcc1,e8af8bee-4ce5-469b-8719-7e796f61b3c6,Fishiful Blue,ONE SIZE,17.5,In Stock,5.0,6.0,2024/01/08 19:17:55
813c911d-0762-473a-af3e-32e8190d75ac,a01f2723-2578-47a4-b6d7-c75145940167,Fishiful Orange,ONE SIZE,17.5,In Stock,5.0,6.0,2024/01/08 19:17:58
96bc70a8-669c-4357-aca1-9dff4e5fea31,4a49221d-9fea-41d4-9954-75adab1e23a0,Fishiful Pink,ONE SIZE,17.5,In Stock,5.0,6.0,2024/01/08 19:18:00
eaacfde2-290b-4d38-956d-9c3f60731cc7,f3a1cf84-3c31-44a6-a2ec-268fd43c1095,Forest Fauna Bear,ONE SIZE,32.5,In Stock,7.0,6.0,2024/01/08 19:18:03
30a16454-091e-4303-bf2c-9db6c8e0a11b,aced7cbb-aa29-4994-88a9-e6a639484977,Forest Fauna Frog,ONE SIZE,32.5,In Stock,8.0,4.0,2024/01/08 19:18:06
f86783fe-690f-4b75-b1f4-5500d0c25c6c,3d86dc6f-529c-4238-936c-58d0662ae4a0,Forest Fauna Owl,ONE SIZE,32.5,In Stock,7.0,4.0,2024/01/08 19:18:09
29cdb291-b92f-46d9-82b9-a54716530795,482ccfc0-c3ad-46c6-92c5-52ebf7e5da6a,Freddie Sausage Dog,LARGE,30.0,Out of stock,7.0,7.0,2024/01/08 19:18:11
7765d995-f9ac-45d9-93d5-acf020aec090,482ccfc0-c3ad-46c6-92c5-52ebf7e5da6a,Freddie Sausage Dog,SMALL,22.0,In Stock,5.0,7.0,2024/01/08 19:18:11
a20b6287-2c2d-42b7-afcc-7d4b8cc2548b,94e56dc3-d510-4471-b262-d57eff02632e,Glamorama Cat,ONE SIZE,40.0,In Stock,16.0,4.0,2024/01/08 19:18:13
1c564a1f-1411-4fc6-b18e-3c93f67a0e36,4543c11e-6764-4d91-81c6-0ac03609d8fa,Glamorama Pig,ONE SIZE,40.0,In Stock,11.0,6.0,2024/01/08 19:18:16
3446114d-ee40-45ca-bd19-921fb9f0d36b,4a18aa20-6277-4e26-9683-7bb289570ad4,Grizzo Gremlin,ONE SIZE,35.0,In Stock,11.0,4.0,2024/01/08 19:18:18
c95a0642-2218-45e3-aad4-b816b7f57adb,fcfa0805-f2fa-4184-8aee-65a26bb9c13a,Hamish Hedgehog,ONE SIZE,75.0,In Stock,8.0,16.0,2024/01/08 19:18:20
4a1384e7-0b28-4639-b3f1-c7798b75ed7c,dc1a1436-ba34-4a22-8c2b-ff9a01c7eabe,Humphrey the Humpback Whale,ONE SIZE,85.0,In Stock,8.0,20.0,2024/01/08 19:18:22
42c2b04a-b196-4f2a-b9f2-4a8e184014ff,96f72c11-3dad-4077-887d-5736dac54a30,Bashful Golden Bunny with Personalised Cream Jumper,MEDIUM,38.0,In Stock,12.0,5.0,2024/01/08 19:18:24
ab097fc7-f6d6-478a-838e-e7060f0b0971,b5c2a283-12ba-4e26-918c-6eadc2582e2d,Bashful Mineral Blue Bunny with Personalised Cream Jumper,MEDIUM,38.0,In Stock,12.0,5.0,2024/01/08 19:18:26
95044985-0e05-4a31-8f15-85e2d82a3dc1,13cb9057-e3ae-4a50-99d5-d3cbe2073ad5,Bashful Golden Bunny with Personalised Navy Jumper,MEDIUM,38.0,In Stock,12.0,5.0,2024/01/08 19:18:28
7ee4bc1d-4c5d-4555-97f0-dececd2392a7,3d30e36a-01d4-4238-a3e1-9f3f1be32703,Bashful Mineral Blue Bunny with Personalised Navy Jumper,MEDIUM,38.0,In Stock,12.0,5.0,2024/01/08 19:18:30
bf11a8c2-e6e3-4799-8882-a64fce61a074,69e5bfcf-07b0-48f1-9dd8-26e928d7a3e3,Bashful Golden Bunny with Personalised Red Jumper,MEDIUM,38.0,In Stock,12.0,5.0,2024/01/08 19:18:32
5c9d3b2c-fb83-42fe-809a-4a5c04bea54f,25f46ac7-1ed0-46d7-8e24-19cacefcdb61,Bashful Mineral Blue Bunny with Personalised Red Jumper,MEDIUM,38.0,In Stock,12.0,5.0,2024/01/08 19:18:35
e5a52381-5b40-40a5-8245-0a8e2bf30106,91016f44-a8a3-48e6-81ea-fea53f97484a,Bashful Wolf with Personalised Red Jumper,MEDIUM,38.0,In Stock,12.0,5.0,2024/01/08 19:18:37
d95e3c89-cec6-431c-8138-36d11f558735,501c3f01-4de0-4685-96c2-7eb01692de16,Little Tiger,ONE SIZE,22.0,In Stock,7.0,4.0,2024/01/08 19:18:39
55a49ae7-faea-49de-b62d-021ff367d56d,93af2097-1604-49b2-abad-49e751ca2136,Letty Jellyfish,ONE SIZE,39.5,In Stock,23.0,6.0,2024/01/08 19:18:41
485026ac-c559-4d77-a7a2-48354bfd01ae,f0376db3-8ddd-486b-8a49-3f8528c866af,Napping Nipper Dog,ONE SIZE,25.0,In Stock,4.0,6.0,2024/01/08 19:18:43
5bdd01d1-1dd3-4bd4-93b5-d7e4dead6b3a,c14e34cd-90eb-4827-a817-a0b2522d94a7,Nippit Beaver,ONE SIZE,15.0,In Stock,5.0,3.0,2024/01/08 19:18:45
f4d01cbc-74c5-4eb2-838d-d4963048c7f2,cbb98bce-5a20-4a03-8928-87a34ce067c4,Nippit Owl,ONE SIZE,15.0,In Stock,5.0,3.0,2024/01/08 19:18:48
f0eaf01d-086f-449f-9547-a0de0d01b428,e5ebda2e-97a3-4cbf-bf97-c7b55a2c344b,Oakley Owl,ONE SIZE,32.5,In Stock,9.0,5.0,2024/01/08 19:18:50
c0d6a6e6-d638-4ebb-8421-b0632c70ade1,82fe58e2-5d16-4f69-a76b-4a2fcaaf3fcb,Oberon Owl,ONE SIZE,30.0,In Stock,10.0,5.0,2024/01/08 19:18:52
c0334b40-a5bd-4cde-baa2-5ff73f270ba7,4a2bfbf5-0ea8-4a37-ba5f-bb3c19bb60b1,Pongo Orangutan,HUGE,65.0,In Stock,23.0,7.0,2024/01/08 19:18:54
d4dc6b3b-2f0c-4188-81e0-5bb49e92308f,affa4f89-5ac4-4dd6-b256-3217b000ee2c,Otto Sausage Dog,HUGE,75.0,Out of stock,11.0,13.0,2024/01/08 19:18:56
762f50de-f777-441e-bb40-2e8792fec839,affa4f89-5ac4-4dd6-b256-3217b000ee2c,Otto Sausage Dog,LARGE,30.0,More on the way,7.0,7.0,2024/01/08 19:18:56
4b5e689f-6a8a-405e-b245-8a3f7e9bd376,affa4f89-5ac4-4dd6-b256-3217b000ee2c,Otto Sausage Dog,SMALL,22.0,In Stock,5.0,7.0,2024/01/08 19:18:56
eb48259d-4d5a-45bf-b05f-499fbc5a9461,cd25aecf-ea3a-4f3d-9c2f-c6082817fc4a,Personalised Bashful Golden Bunny Medium,MEDIUM,34.0,In Stock,12.0,5.0,2024/01/08 19:18:59
e009a54d-b26f-4a9a-81d7-8b2d0a2cce6a,243800fe-62b0-4729-8ba3-eec54e62ad89,Personalised Bashful Mineral Blue Bunny Medium,MEDIUM,34.0,In Stock,12.0,5.0,2024/01/08 19:19:01
9a223345-8e34-4952-be57-eee591115399,dbad4aaa-7538-431d-bce8-4137d9ffc85e,Pip Monster,SMALL,22.5,In Stock,9.0,4.0,2024/01/08 19:19:03
60d2ef5a-a572-4947-99cd-f88edac90e52,c0535d19-81a3-4aa9-a916-1571553533d2,Rock-a-Bye Mouse,ONE SIZE,30.0,In Stock,7.0,4.0,2024/01/08 19:19:05
49604522-37e4-4cd9-aa19-f0c4b646f00b,6203a347-1a17-447f-a67e-631e175abbf7,Sweater Sausage Dog Pink,ONE SIZE,32.5,In Stock,6.0,3.0,2024/01/08 19:19:07
1777ae1c-d740-45e0-85f6-19079a1f21c0,6824c5ff-e085-401e-a9af-74e5471e154b,Sweater Sausage Dog Yellow,ONE SIZE,32.5,In Stock,6.0,3.0,2024/01/08 19:19:08
c85689c2-cb81-4b1a-8598-3e5ea7c4fc0d,58183603-48a5-421b-a100-2a22183334f6,Seraphina Pegasus,ONE SIZE,68.5,In Stock,9.0,20.0,2024/01/08 19:19:10
3f30d813-64fc-485b-ac7c-df283f8a680f,d564ca0b-329b-4e8a-8792-2b5519878cbf,Sigmund Seal,ONE SIZE,50.0,In Stock,7.0,13.0,2024/01/08 19:19:12
ac58b690-553b-4cc7-8eaa-b6eb0af80908,f66692da-c064-4e06-a035-7fcc6fc8da2b,Snoozling Hedgehog,ONE SIZE,36.0,In Stock,11.0,6.0,2024/01/08 19:19:15
16882fbd-38e0-4764-bb46-40d651e6a49b,8841932c-4db0-4d66-8113-1132ca30c6a0,Spindleshanks Crab,ONE SIZE,33.0,In Stock,3.0,15.0,2024/01/08 19:19:19
fd202c6b-256c-4f99-981c-c3acce1f4a53,a3b412ee-afb2-4d98-9a7c-f0a9f33f8c37,Splootie Elephant,ONE SIZE,68.0,In Stock,7.0,22.0,2024/01/08 19:19:21
c50fa1d4-e5a1-4cef-a1bb-98abceb98f10,03a62b85-bf04-4213-bbc6-3083f39598de,Birdling Robin,ONE SIZE,17.0,In Stock,4.0,3.0,2024/01/08 19:19:23
5b9b52ea-50ee-4209-8776-bf01968df03b,6ce51979-0cd7-4f27-8aec-84df06313d7c,Shimmer Stocking Bunny,ONE SIZE,28.5,In Stock,8.0,4.0,2024/01/08 19:19:26
1b80e03a-c8ed-41e8-9ec3-da01f361dcee,307f5653-c61d-45d5-b4a7-fe169ce69454,Ambalie Bear,ONE SIZE,30.0,In Stock,9.0,6.0,2024/01/08 19:19:30
aa2b1359-c04d-4cc5-a780-b2d2bdfb8b48,42fabc64-9471-4e52-9607-db81aa3b0d8b,Ambalie Bunny,ONE SIZE,30.0,In Stock,9.0,6.0,2024/01/08 19:19:32
c32fcafd-6105-4ea2-999b-152fd614617f,f13f1537-032c-4500-b9db-a1e2e94ce375,Bashful Zebra,MEDIUM,28.0,In Stock,12.0,5.0,2024/01/08 19:19:34
c72ad61f-2a19-4322-ae27-b3330c56e6a6,8b9fa0ea-dc20-4072-a581-8da34b3042b9,If I Were An Owl Book,ONE SIZE,13.5,In Stock,6.0,6.0,2024/01/08 19:19:36
0b70e9d2-630d-48d8-8f1e-731408c97872,ef5aaea7-aa29-478c-b3f8-895e259b9f84,Betty Corgi,HUGE,75.0,More on the way,13.0,13.0,2024/01/08 19:19:38
632f9c5c-78a2-46e0-a5de-6dcb0dcd651e,ef5aaea7-aa29-478c-b3f8-895e259b9f84,Betty Corgi,MEDIUM,30.0,In Stock,7.0,10.0,2024/01/08 19:19:38
8c3ad783-01a8-4539-99a0-2f5d1f6b1758,cec7675e-f322-44db-b669-3b8e93572fa1,Big Spottie Giraffe,ONE SIZE,75.0,In Stock,19.0,6.0,2024/01/08 19:19:40
69842db8-e9cf-4daa-b61a-3906b51ca43c,b81ffdda-a674-4e35-83a9-6e828d32399b,Big Spottie T-Rex,ONE SIZE,75.0,In Stock,18.0,6.0,2024/01/08 19:19:42
457ba97e-13bf-4989-a348-6feda839e62a,21c8d03d-c57b-4e20-bc77-067a7a368010,Cruz Crested Newt,ONE SIZE,32.5,In Stock,12.0,4.0,2024/01/08 19:19:44
4cb5a15b-5d83-439d-bf7c-3a85bfc8c5da,a5599a0b-0879-4549-836b-74660c13696c,Cooper Doodle Dog,ONE SIZE,33.0,In Stock,9.0,8.0,2024/01/08 19:19:45
d852da55-a66d-4a53-a04d-feccfda8e3fd,b5042a56-2e74-4cb4-bcf3-47ed137c9612,Happihoop Owl,ONE SIZE,32.0,In Stock,8.0,4.0,2024/01/08 19:19:47
1643dd1d-61aa-4780-a086-43063b8c7d46,3c595338-43dd-47c4-9bbb-29ea0b6dd8a0,Harper Pup,ONE SIZE,55.0,In Stock,15.0,9.0,2024/01/08 19:19:48
645282a6-c67b-4d13-a55a-4168d77bab5f,bb879f30-79f9-4a15-b1b4-60bfce7fc32e,Hibernating Bunny,ONE SIZE,22.0,In Stock,5.0,5.0,2024/01/08 19:19:51
826862e5-f68c-42c1-bddb-d2ba225bd553,fb169830-371c-4345-91b9-01d6aee0c2db,Higgledy Piggledy Old Spot,REALLY BIG,175.0,In Stock,17.0,22.0,2024/01/08 19:19:53
65ebef5a-de93-4c48-9f5e-6eedfbe03c17,fb169830-371c-4345-91b9-01d6aee0c2db,Higgledy Piggledy Old Spot,HUGE,130.0,In Stock,13.0,16.0,2024/01/08 19:19:53
6a78dbf5-5698-48a4-9960-581a294c6f01,fb169830-371c-4345-91b9-01d6aee0c2db,Higgledy Piggledy Old Spot,SMALL,22.0,Returning to stock this week,4.0,6.0,2024/01/08 19:19:53
39171dc1-0b1d-478c-8690-ca6d2c4df812,72ac666c-9db6-44be-8d76-d566fa89f358,Huddles Bunny,ONE SIZE,45.0,In Stock,9.0,6.0,2024/01/08 19:19:55
78e1ddb3-6c72-46fb-a41d-6e8a257b7b43,21132ad1-0fa8-4a8b-9bba-b78f2c5ff359,Huddles Duck,ONE SIZE,45.0,In Stock,9.0,6.0,2024/01/08 19:19:56
df8b89d9-bd71-4cee-beba-b52a627ec049,f1622f68-a390-4b7b-a2bc-a8f6154037eb,Jubjub Gookie,ONE SIZE,30.0,In Stock,9.0,4.0,2024/01/08 19:19:58
059c352c-6408-4caa-b0cd-d8e5c526f117,43412d89-7864-4f5c-b207-8af75f6d7f36,Mack Mudskipper,ONE SIZE,28.5,In Stock,10.0,4.0,2024/01/08 19:20:00
fc9b146b-712a-4aca-9ad1-39a624a66eed,ae50bd29-f9df-4f53-93c5-e38323cc98e5,Obbie Octopus,ONE SIZE,40.0,In Stock,11.0,10.0,2024/01/08 19:20:02
647dd570-6774-4c5a-97ff-8725dd2b349e,d72054f6-7627-42ea-9ece-1845232f11dd,Orson Horse,ONE SIZE,35.0,In Stock,14.0,5.0,2024/01/08 19:20:04
83ab2a3d-bc7c-4682-b02b-e303af3b764c,a26c0a24-b4a8-4972-8caf-46a266e0f3a2,Peek-a-Boo Elly Activity Toy,ONE SIZE,32.0,In Stock,6.0,5.0,2024/01/08 19:20:05
65f951b9-53b9-430a-86d6-f1fd443ff512,cdbd52be-3b91-4813-ba4a-7cb847d14800,Penny Praying Mantis,ONE SIZE,32.5,In Stock,9.0,8.0,2024/01/08 19:20:07
57679835-ba03-44a9-bbb5-d0d39b44021d,e5171e07-5a54-4606-a543-e8907fd0f54b,Ribble Dog,ONE SIZE,30.0,In Stock,14.0,4.0,2024/01/08 19:20:08
57cbd797-8dae-459c-8c24-d7cdfb0eb565,b1024ad6-36e5-4599-b9dc-5230e290ccef,Ribble Elephant,ONE SIZE,30.0,In Stock,15.0,4.0,2024/01/08 19:20:10
d62fe015-df5d-4d81-9313-923e985d725f,b444cbe3-1d9f-4978-9d8b-b09343d312bc,Ribble Giraffe,ONE SIZE,30.0,In Stock,16.0,4.0,2024/01/08 19:20:12
92677151-be51-4cd2-a217-95f864a4b001,bcec7dae-9f24-4f9d-9074-3d5dcfbe98f6,Rose Dragon,HUGE,120.0,In Stock,7.0,26.0,2024/01/08 19:20:14
8273bd3f-8889-4037-9059-60035d74ee7b,bcec7dae-9f24-4f9d-9074-3d5dcfbe98f6,Rose Dragon,MEDIUM,65.0,In Stock,5.0,20.0,2024/01/08 19:20:14
6daa8fbf-b78d-44bc-b6b3-9e23fce928b2,bcec7dae-9f24-4f9d-9074-3d5dcfbe98f6,Rose Dragon,LITTLE,32.5,In Stock,3.0,12.0,2024/01/08 19:20:14
a51f01f8-0783-4a48-94b2-597112ec43d6,cbe494c9-736d-4805-aa38-8f27f8a37089,Ricky Rain Frog,LARGE,60.0,In Stock,10.0,12.0,2024/01/08 19:20:16
a404445a-eb14-4875-a809-0a6c247e1af1,cbe494c9-736d-4805-aa38-8f27f8a37089,Ricky Rain Frog,MEDIUM,28.0,More on the way,5.0,7.0,2024/01/08 19:20:16
ae5113f4-1d07-4c6e-bc34-1768482bac5d,5f0648d0-711c-494b-8548-27d272692a50,Rufus Bear,LARGE,45.0,In Stock,15.0,5.0,2024/01/08 19:20:18
25a50366-e3ad-4406-9bbb-1a27ab00d840,5f0648d0-711c-494b-8548-27d272692a50,Rufus Bear,MEDIUM,27.5,In Stock,11.0,4.0,2024/01/08 19:20:18
ed81c69f-067c-4455-a1fd-0c5b2dd7a325,96f4e5a7-2b59-4f1a-af7a-4a81bef8c522,Snuggler Puppy,ONE SIZE,25.0,In Stock,9.0,5.0,2024/01/08 19:20:20
981c1762-d366-4968-a7de-da9ac8b25c37,dd1b6940-f6b2-48fd-b181-c162d80969e1,Taylor Tiger,LARGE,80.0,More on the way,6.0,18.0,2024/01/08 19:20:22
e70125af-a177-47e6-aab4-703f9db23056,dd1b6940-f6b2-48fd-b181-c162d80969e1,Taylor Tiger,LITTLE,35.0,In Stock,3.0,11.0,2024/01/08 19:20:22
1326b70c-25e5-4025-b680-9e82384ee1c5,d81b50f6-2b94-40af-a5b4-b089ed30b9ce,Willow Hedgehog,ONE SIZE,23.5,In Stock,7.0,4.0,2024/01/08 19:20:24
7f5be68c-e8bb-4b53-80e6-924d6192f7bc,f5ef8f88-015b-4e3d-96e6-b32aa38ddb3f,Wriggidig Ant,ONE SIZE,23.5,In Stock,5.0,6.0,2024/01/08 19:20:26
30eda5a3-c214-402e-a031-c43a08db8831,ede53694-7ed9-4c5c-94fe-e6fa3f9fb526,Wriggidig Bug,ONE SIZE,23.5,In Stock,7.0,2.0,2024/01/08 19:20:28
367d95d4-d468-4afd-b154-2d093073d322,093cd19f-894b-42bf-ae91-2a72d4f6ed6a,Bashful Lilac Bunny,MEDIUM,28.0,In Stock,12.0,5.0,2024/01/08 19:20:31
1c2a44ec-70f4-462e-ad7c-a16a04cfc8c6,093cd19f-894b-42bf-ae91-2a72d4f6ed6a,Bashful Lilac Bunny,SMALL,18.0,Out of stock,7.0,4.0,2024/01/08 19:20:31
1776a41c-2ca7-4067-bde6-d89e47431217,1b518655-ad30-4f8f-b05e-f0624f2da508,Bashful Petal Bunny,MEDIUM,28.0,In Stock,12.0,5.0,2024/01/08 19:20:33
e0aaba25-b681-4e58-a654-c4b9332bac23,1b518655-ad30-4f8f-b05e-f0624f2da508,Bashful Petal Bunny,SMALL,18.0,More on the way,7.0,4.0,2024/01/08 19:20:33
c90c7eed-c681-47f1-8341-c311a0031c18,eab3107a-4a90-478a-b415-3fec7bfb8f91,Bashful Fudge Bunny,MEDIUM,28.0,More on the way,12.0,5.0,2024/01/08 19:20:36
537398d9-836d-481e-b5e3-76d1cabc5e0c,eab3107a-4a90-478a-b415-3fec7bfb8f91,Bashful Fudge Bunny,SMALL,18.0,In Stock,7.0,4.0,2024/01/08 19:20:36
34e40fb3-bc29-4e98-ae9b-d73a3957bdba,88464574-e8dd-41a1-898e-c562c5598ac5,Who Can I Find Book,ONE SIZE,15.0,In Stock,7.0,7.0,2024/01/08 19:20:38
62e196d2-6b21-4dd0-9229-771eea4c4cd3,266007f6-eba2-4e8d-990a-4df7619b289d,Blossom Sage Bunny,MEDIUM,28.0,In Stock,12.0,5.0,2024/01/08 19:20:40
37aac70c-f376-4408-b6ae-65f3dd62c393,266007f6-eba2-4e8d-990a-4df7619b289d,Blossom Sage Bunny,SMALL,18.0,More on the way,7.0,4.0,2024/01/08 19:20:40
77dba762-d04f-4a1d-892e-a7b205651534,f8096755-b286-4366-9e59-0dd2ecb3384d,Blossom Jasmine Bunny,MEDIUM,28.0,In Stock,12.0,5.0,2024/01/08 19:20:42
fd1ec5f2-79cf-4dd0-b02e-00f91b3145e0,f8096755-b286-4366-9e59-0dd2ecb3384d,Blossom Jasmine Bunny,SMALL,18.0,Returning to stock 2-3 months,7.0,4.0,2024/01/08 19:20:42
0d3087c0-668c-4fa2-af54-71617f2b5150,7d0ad98b-907c-419e-af3f-ee692402c5d8,Bashful Lilac Bunny with Personalised Cream Jumper,MEDIUM,38.0,In Stock,12.0,5.0,2024/01/08 19:20:44
972ced8f-13c6-4dee-8ede-604561796e69,85bc54b9-0038-4931-b8cc-abee3a136dee,Bashful Petal Bunny with Personalised Cream Jumper,MEDIUM,38.0,In Stock,12.0,5.0,2024/01/08 19:20:46
628171a4-29ed-41f3-acb7-4658284056ed,d4d99ba4-f43a-497d-9a7f-922616f4df25,Blossom Sage Bunny with Personalised Cream Jumper,MEDIUM,38.0,In Stock,12.0,5.0,2024/01/08 19:20:48
1ceee5f2-89e8-4615-aec3-57236bb52989,a6820f31-0639-45d6-9aee-66136e7096a7,Blossom Jasmine Bunny with Personalised Cream Jumper,MEDIUM,38.0,In Stock,12.0,5.0,2024/01/08 19:20:50
a04ff5e3-1b15-4789-957d-195686957e01,f6c55439-76f2-433b-8a54-d58f6b32aed0,Bashful Lilac Bunny with Personalised Navy Jumper,MEDIUM,38.0,In Stock,12.0,5.0,2024/01/08 19:20:52
aebbb7f5-87c3-4cdd-b056-ec646113e1d1,a1f49212-395c-4b72-87b9-ebdca02fe188,Bashful Petal Bunny with Personalised Navy Jumper,MEDIUM,38.0,In Stock,12.0,5.0,2024/01/08 19:20:54
d57bd6ab-08ba-45ef-a2f1-16b76f92f544,4fdd5b05-85de-4d45-b9ae-ab69f6c5cc5c,Blossom Sage Bunny with Personalised Navy Jumper,MEDIUM,38.0,In Stock,12.0,5.0,2024/01/08 19:20:57
a9a45113-4ab6-44d4-9396-23c1e9988520,07f69a2e-7f17-4ea2-a7ca-9fbc32ef0667,Blossom Jasmine Bunny with Personalised Navy Jumper,MEDIUM,38.0,In Stock,12.0,5.0,2024/01/08 19:20:59
40a0d974-5240-4db6-8cf2-eb5cf1b9d474,d086aa20-ad6c-47c8-bac2-bdc73d8b5065,Bashful Lilac Bunny with Personalised Red Jumper,MEDIUM,38.0,In Stock,12.0,5.0,2024/01/08 19:21:01
a33822fa-b620-462e-a9ff-333851dc70d4,8e70e05d-46dc-44bc-8ce5-86e105319dca,Bashful Petal Bunny with Personalised Red Jumper,MEDIUM,38.0,In Stock,12.0,5.0,2024/01/08 19:21:04
3c6e5d3f-388d-4333-8206-244f5a81a8c8,876506ca-1874-4c1d-b68d-3c4302665ed7,Blossom Sage Bunny with Personalised Red Jumper,MEDIUM,38.0,In Stock,12.0,5.0,2024/01/08 19:21:06
f58dd6a9-f7fa-422a-b617-87439726e2fb,1e3a4de2-c0e3-4f0d-9f22-7e41e0667b99,Blossom Jasmine Bunny with Personalised Red Jumper,MEDIUM,38.0,In Stock,12.0,5.0,2024/01/08 19:21:08
70e944b5-e20b-43ca-8b86-7ab9804583cd,05d9723a-7aa3-4666-80d0-2bf2d3e5ed59,Personalised Bashful Lilac Bunny Medium,MEDIUM,34.0,In Stock,12.0,5.0,2024/01/08 19:21:11
8f5e498a-41d1-428b-b24b-f79102fcdd45,de47d6be-f88b-496e-982d-43285037d200,Personalised Bashful Petal Bunny Medium,MEDIUM,34.0,In Stock,12.0,5.0,2024/01/08 19:21:13
61b209dc-cbd9-4397-8acb-854dc106a69b,c970feeb-e5c2-4a9c-a934-337a1c8d4c3e,Alice Axolotl,MEDIUM,32.5,In Stock,11.0,5.0,2024/01/08 19:21:15
f64a436a-c3a0-4dea-9645-f238df5e972f,c970feeb-e5c2-4a9c-a934-337a1c8d4c3e,Alice Axolotl,SMALL,22.0,In Stock,7.0,2.0,2024/01/08 19:21:15
2797a7a3-f758-4287-a455-bcfb7edbae81,0ae2dc2d-45ed-4b0b-9097-9abbc00e8712,Bashful Shimmer Bunny,MEDIUM,28.0,In Stock,12.0,5.0,2024/01/08 19:21:17
5a7c96f6-800d-4755-a0c6-3d504e21dc3d,0ae2dc2d-45ed-4b0b-9097-9abbc00e8712,Bashful Shimmer Bunny,SMALL,18.0,In Stock,7.0,4.0,2024/01/08 19:21:17
580dbe88-6804-4713-8ab7-e870712e8e2d,16b1515d-9992-48e1-9215-216889ed72c9,If I Were A Pony Book,ONE SIZE,13.5,In Stock,6.0,6.0,2024/01/08 19:21:18
28cc8968-dc6b-4e1c-b182-99617197d353,b4890735-cf6f-4816-aa62-0e1d3ccb5c9a,Blossom Bea Beige Bunny Comforter,ONE SIZE,17.0,In Stock,10.0,9.0,2024/01/08 19:21:20
d50822a9-b5b3-4ffb-bcd2-0e3777668102,372f550d-8227-44a5-8030-74301cf91a79,Cozy Crew Octopus,ONE SIZE,25.0,In Stock,8.0,4.0,2024/01/08 19:21:22
01d0b2e6-69e5-486d-83d4-010ac420680f,4573384a-55a2-4230-811a-e434fbbdc85d,Fossilly Stegosaurus,MEDIUM,38.0,In Stock,6.0,5.0,2024/01/08 19:21:23
33661907-e805-41cb-8719-2518ab78df81,4573384a-55a2-4230-811a-e434fbbdc85d,Fossilly Stegosaurus,SMALL,15.0,More on the way,3.0,2.0,2024/01/08 19:21:23
25a00b8a-19af-4258-803d-90b0da0aa831,8b2d2dd1-1ca2-461a-a38b-fc67b40b5811,Fuddlewuddle Lion Soother,ONE SIZE,25.0,In Stock,13.0,13.0,2024/01/08 19:21:25
1153566b-7e12-4dc6-bce7-3591eafdd9ee,c56fb735-3d7c-4a05-bc67-0f16e04f37aa,Bashful Shimmer Bunny with Personalised Cream Jumper,MEDIUM,38.0,In Stock,12.0,5.0,2024/01/08 19:21:27
2dcd1344-3627-49fb-9b04-b6cbe0788e9a,85cad412-81db-4165-b1bc-b6797d7d9abb,Bashful Shimmer Bunny with Personalised Navy Jumper,MEDIUM,38.0,In Stock,12.0,5.0,2024/01/08 19:21:29
a053a147-be45-4741-8b74-ab102561bfb5,d889fb24-5bdf-4c9c-b445-53f35f735ff9,Bashful Shimmer Bunny with Personalised Red Jumper,MEDIUM,38.0,In Stock,12.0,5.0,2024/01/08 19:21:31
93ed96b0-0f58-48b0-be31-30ad78693a70,18b1e1ef-26c8-4f7b-9ed7-215219c43076,Lingley Bunny Soother,ONE SIZE,20.0,In Stock,11.0,7.0,2024/01/08 19:21:33
90f07580-877c-4e22-aee0-ee7953a61b65,4369b6a0-e718-436a-84c7-dd397feb4122,Lingley Elephant Soother,ONE SIZE,20.0,In Stock,11.0,7.0,2024/01/08 19:21:34
a64c4d40-8072-456b-aa3b-11fd7fac9f4c,96f50173-a3c5-4b55-85d8-6af77ffd43b7,Tartan Lottie Bunny,ONE SIZE,27.5,In Stock,11.0,4.0,2024/01/08 19:21:36
c86fdb76-7797-4f4c-8304-2b1d6fa6cb6b,0f90c708-5804-4adf-ba3f-c0d789d5b39f,Onyx Dragon,HUGE,120.0,Out of stock,7.0,26.0,2024/01/08 19:21:38
0cb76f9c-958b-4679-a731-2325118f7291,0f90c708-5804-4adf-ba3f-c0d789d5b39f,Onyx Dragon,MEDIUM,65.0,In Stock,5.0,20.0,2024/01/08 19:21:38
f0f779b1-fc84-4c41-b9bd-76888a1d289e,0f90c708-5804-4adf-ba3f-c0d789d5b39f,Onyx Dragon,LITTLE,32.5,More on the way,3.0,12.0,2024/01/08 19:21:38
d93f4eef-7f3a-468f-ac4e-e9aef5a0daf1,773f41c2-ddcb-46f6-a98d-12f4a42ceb7a,Personalised Bashful Shimmer Bunny Medium,MEDIUM,34.0,In Stock,12.0,5.0,2024/01/08 19:21:40
34dfb8db-4ba5-461d-8cb1-5307cb7dec04,ce9df3c2-9b80-4fee-9e1f-a61408b9da30,Personalised Fuddlewuddle Lion Soother,ONE SIZE,31.0,In Stock,13.0,13.0,2024/01/08 19:21:42
72c4bd52-86c2-4822-84df-a39cfad10113,cc928766-1a2c-4e19-a2c9-80247147de41,Personalised Snow Dragon Huge,HUGE,126.0,In Stock,7.0,26.0,2024/01/08 19:21:44
ff6c27f5-d668-4245-81c2-a4ac7a89ee24,3e8ef2da-f625-4358-bf47-f3ca29aa8504,Rumpletum Lion,ONE SIZE,40.0,In Stock,11.0,8.0,2024/01/08 19:21:46
6ad82cf8-033a-4485-94a3-bd8e6e8f8e50,314e34f0-0704-4106-a43c-83cdc33c78f1,Snuggler Cat,ONE SIZE,25.0,In Stock,9.0,5.0,2024/01/08 19:21:48
8b534dca-c0c3-4ed0-9a19-a6133f868cbe,b6fef8f7-b42b-44e9-a594-573304f55788,Cordy Roy Baby Bunny Soother,ONE SIZE,23.0,In Stock,11.0,9.0,2024/01/08 19:21:50
6472aebf-de4d-45b0-aa7b-f7545d3e539b,72481ec4-0d1e-47b0-a758-2cde6f801cd0,Cordy Roy Baby Lion Soother,ONE SIZE,23.0,In Stock,11.0,9.0,2024/01/08 19:21:51
30f6a373-070e-4ccf-b054-1d0cad8cde71,a8d2cfe6-2bb1-47e1-bdff-0192668a9df9,Bashful Tiger,HUGE,80.0,In Stock,20.0,8.0,2024/01/08 19:22:27
080a6131-fec8-4868-800b-8a45730f3af6,a8d2cfe6-2bb1-47e1-bdff-0192668a9df9,Bashful Tiger,MEDIUM,28.0,More on the way,12.0,5.0,2024/01/08 19:22:27
63b2f3b5-2938-4f13-8be6-89ea2c5e6fe0,a8d2cfe6-2bb1-47e1-bdff-0192668a9df9,Bashful Tiger,SMALL,18.0,In Stock,7.0,4.0,2024/01/08 19:22:27
cc615b71-ad69-48c6-98e2-6b3b0979fd89,f1dddb68-acf8-4d85-acb2-06ef7a268e8f,Bashful Cerise Bunny,MEDIUM,28.0,Out of stock,12.0,5.0,2024/01/08 19:22:29
f01e3114-519f-4e72-94fb-d35382eff057,f1dddb68-acf8-4d85-acb2-06ef7a268e8f,Bashful Cerise Bunny,SMALL,18.0,In Stock,7.0,4.0,2024/01/08 19:22:29
91a48d18-ae91-4f67-8993-77257bd9d421,7615d28d-dd18-4e69-b4aa-1ba6dfa291f7,Beatrice Butterfly,LARGE,33.0,In Stock,8.0,13.0,2024/01/08 19:22:31
865975ed-11cf-459d-9394-470da1378a52,238ffb74-2fa9-4624-9c11-1d90b95fe1a4,Little Me Book,ONE SIZE,15.0,In Stock,8.0,8.0,2024/01/08 19:22:32
2dc01087-18d1-46c6-ae2c-08a8d143fb6c,2636be86-c785-4f37-8f84-74da08723289,Blossom Dusky Blue Bunny,MEDIUM,28.0,In Stock,12.0,5.0,2024/01/08 19:22:34
a511c380-ce51-479e-b1f8-03259b9dd2f5,2636be86-c785-4f37-8f84-74da08723289,Blossom Dusky Blue Bunny,SMALL,18.0,Out of stock,7.0,4.0,2024/01/08 19:22:34
5c3e1502-8db3-4e50-bd58-0437726b529b,1e9d4d4c-b4ef-47ea-9783-32a3d76e7891,Fossilly T-Rex,MEDIUM,38.0,In Stock,11.0,6.0,2024/01/08 19:22:36
569f3e67-8828-4b3f-b418-f83ba0e35b86,1e9d4d4c-b4ef-47ea-9783-32a3d76e7891,Fossilly T-Rex,SMALL,15.0,More on the way,5.0,3.0,2024/01/08 19:22:36
5b832856-c5b2-4242-b149-d04fee7855ec,dbe76208-361f-4d59-9d43-279356bc44fd,Bashful Dusky Blue Bunny with Personalised Cream Jumper,MEDIUM,38.0,In Stock,12.0,5.0,2024/01/08 19:22:39
e53e1f2a-4575-4342-95fa-46ed9128b54a,bbfe5b46-db91-4864-802b-31eddc297a66,Bashful Tiger with Personalised Cream Jumper,MEDIUM,38.0,In Stock,12.0,5.0,2024/01/08 19:22:40
659dcda0-56e1-4173-b946-91a8707b0b41,12ac8d23-2563-41b5-ac72-b9e06691b954,Blossom Dusky Blue with Personalised Cream Jumper,MEDIUM,38.0,In Stock,12.0,5.0,2024/01/08 19:22:42
40bf2a45-9a4c-4839-a286-ff515f3962a3,6237e734-f37e-4041-80dc-5a16f7fcd05d,Blossom Bea Beige Bunny with Personalised Cream Jumper,MEDIUM,38.0,In Stock,12.0,5.0,2024/01/08 19:22:44
4829c660-3592-4cdb-800d-018a622b8107,edef97ef-7e9d-4273-9c57-a1eaf6f9757b,Bashful Dusky Blue Bunny with Personalised Navy Jumper,MEDIUM,38.0,In Stock,12.0,5.0,2024/01/08 19:22:47
da8ab1c5-1379-42d3-b76c-4d1a6cdde931,d678505a-7de1-41c0-8da7-c2410bb477d4,Bashful Tiger with Personalised Navy Jumper,MEDIUM,38.0,In Stock,12.0,5.0,2024/01/08 19:22:49
62170653-18fc-4bad-8c35-7051250c88fd,abf9e2b5-de54-49a9-aded-d7097aba3022,Blossom Dusky Blue with Personalised Navy Jumper,MEDIUM,38.0,In Stock,12.0,5.0,2024/01/08 19:22:51
8f51f0ae-b81b-498a-96e0-36ec22d41c74,1463b7eb-0ca2-477b-a14c-7f31c2864767,Blossom Bea Beige Bunny with Personalised Navy Jumper,MEDIUM,38.0,In Stock,12.0,5.0,2024/01/08 19:22:52
c74166be-4b72-4ae6-958f-58126a8a84c3,2ce08794-59d1-4ae2-b1f1-1a1613074659,Bashful Dusky Blue Bunny with Personalised Red Jumper,MEDIUM,38.0,In Stock,12.0,5.0,2024/01/08 19:22:54
ef157604-6ea3-446d-bfd4-348369c81359,85f337cf-50b3-4225-b089-241c6ebc4551,Bashful Tiger with Personalised Red Jumper,MEDIUM,38.0,In Stock,12.0,5.0,2024/01/08 19:22:57
ce49a965-45c7-4651-ad27-61d646c11fd8,04bb8612-24c6-402b-a87e-bdd619d24ffe,Blossom Dusky Blue Bunny with Personalised Red Jumper,MEDIUM,38.0,In Stock,12.0,5.0,2024/01/08 19:22:59
4e57ab82-21e4-473f-887b-9921d6f0c907,00452186-d1ba-459d-9f2b-bcaf5a2a922c,Blossom Bea Beige Bunny with Personalised Red Jumper,MEDIUM,38.0,In Stock,12.0,5.0,2024/01/08 19:23:01
ea1f8f2d-969a-4346-9926-2bb048556f81,29787659-9f65-43fd-a8ae-3fc0797e6bd2,Odyssey Octopus,REALLY BIG,130.0,More on the way,30.0,12.0,2024/01/08 19:23:03
2b6bbf41-3b5a-4b3a-bdec-856d45008cbb,29787659-9f65-43fd-a8ae-3fc0797e6bd2,Odyssey Octopus,HUGE,68.5,Out of stock,21.0,9.0,2024/01/08 19:23:03
79a4fc36-60f0-45ab-8b3e-13ab703dabda,29787659-9f65-43fd-a8ae-3fc0797e6bd2,Odyssey Octopus,LARGE,53.0,More on the way,19.0,7.0,2024/01/08 19:23:03
9bf14f94-e86a-4cfe-87f0-7fc4a2b4763f,29787659-9f65-43fd-a8ae-3fc0797e6bd2,Odyssey Octopus,LITTLE,30.0,In Stock,9.0,4.0,2024/01/08 19:23:03
4a8dd48b-1a5c-4e66-b587-f52857e1864f,29787659-9f65-43fd-a8ae-3fc0797e6bd2,Odyssey Octopus,TINY,18.0,In Stock,6.0,3.0,2024/01/08 19:23:03
3199621f-f2e2-4106-b461-9976ca3d4c84,64c91590-9eaf-4276-b107-96aa89fd2bcd,Sage Dragon,HUGE,120.0,More on the way,7.0,26.0,2024/01/08 19:23:05
8a4bb370-bf9d-4125-a608-d560dd5f92b9,64c91590-9eaf-4276-b107-96aa89fd2bcd,Sage Dragon,MEDIUM,65.0,Returning to stock 2-3 months,5.0,20.0,2024/01/08 19:23:05
d9cb965b-ad21-490c-9f4d-fa5e843ffbcd,64c91590-9eaf-4276-b107-96aa89fd2bcd,Sage Dragon,LITTLE,32.5,In Stock,3.0,12.0,2024/01/08 19:23:05
f8d71ffe-05ca-4e15-abd6-8b4e5f5693e3,5ee363fd-6d29-4e21-9d70-7b8fcb0ee500,Sienna Seahorse,MEDIUM,30.0,More on the way,11.0,4.0,2024/01/08 19:23:08
33b1d6a6-0ccd-4fc2-a98f-230241b4fee1,5ee363fd-6d29-4e21-9d70-7b8fcb0ee500,Sienna Seahorse,SMALL,20.0,In Stock,7.0,2.0,2024/01/08 19:23:08
4a1c36d4-5791-47bf-b5c6-fbb84e194c7c,aae8d10f-0064-4569-a9de-8773e6e9b84e,Bashful Plum Bunny,HUGE,80.0,Out of stock,20.0,8.0,2024/01/08 19:23:11
3a26f5d8-3b87-48e7-866d-0d70fe415d70,aae8d10f-0064-4569-a9de-8773e6e9b84e,Bashful Plum Bunny,MEDIUM,25.0,Out of stock,12.0,5.0,2024/01/08 19:23:11
51a8032c-85e7-497d-be45-8e315956d5b9,aae8d10f-0064-4569-a9de-8773e6e9b84e,Bashful Plum Bunny,SMALL,18.0,In Stock,7.0,4.0,2024/01/08 19:23:11
5afd9949-f009-4688-9a81-c4ec1b8438dd,5324275a-5ce4-48de-9af4-a8c2684e9020,Fossilly Brontosaurus,MEDIUM,38.0,In Stock,10.0,5.0,2024/01/08 19:23:13
ec736928-cb41-41f5-b9a6-04b8ff3162c0,5324275a-5ce4-48de-9af4-a8c2684e9020,Fossilly Brontosaurus,SMALL,15.0,More on the way,3.0,2.0,2024/01/08 19:23:13
f3b1a74e-09b3-435f-9696-67aaf6941290,41b7cefe-2418-4f74-befd-c147f63b528b,Fossilly Triceratops,MEDIUM,38.0,In Stock,7.0,4.0,2024/01/08 19:23:15
d4789db1-b977-41ae-be57-7712514d176d,41b7cefe-2418-4f74-befd-c147f63b528b,Fossilly Triceratops,SMALL,15.0,Out of stock,4.0,2.0,2024/01/08 19:23:15
126d0395-52c4-48ff-a219-de789cdd96d5,81f307df-1d54-4806-be0d-5edfdf479359,Snow Dragon,HUGE,120.0,In Stock,7.0,26.0,2024/01/08 19:23:17
5cf582a1-38e3-4f16-9bc4-a955b0843aeb,81f307df-1d54-4806-be0d-5edfdf479359,Snow Dragon,MEDIUM,65.0,In Stock,5.0,20.0,2024/01/08 19:23:17
38eed3e3-b9c4-46ae-9a20-a072e78a239d,81f307df-1d54-4806-be0d-5edfdf479359,Snow Dragon,LITTLE,32.5,In Stock,3.0,12.0,2024/01/08 19:23:17
680d6686-aca8-44aa-84ea-8251dc994d86,0b3f644c-b4d9-48df-b204-a72ad5e41245,Blossom Blush Bunny,LARGE,43.0,Out of stock,14.0,6.0,2024/01/08 19:23:19
056f19a6-6231-4c23-89b9-4ed7bcfdacce,0b3f644c-b4d9-48df-b204-a72ad5e41245,Blossom Blush Bunny,MEDIUM,28.0,Out of stock,12.0,5.0,2024/01/08 19:23:19
7d832074-5e4a-4123-8769-89bebc622b72,0b3f644c-b4d9-48df-b204-a72ad5e41245,Blossom Blush Bunny,SMALL,18.0,In Stock,7.0,4.0,2024/01/08 19:23:19
d86d27c8-49d9-4c83-add5-6c70ea6838f6,765c9b82-b064-42d3-b6ca-727559fc5d16,Blossom Blush Bunny with Personalised Cream Jumper,MEDIUM,38.0,In Stock,12.0,5.0,2024/01/08 19:23:21
4aeef867-66b1-4fb1-9765-88d670d8ef45,6f4e836e-4c40-4908-9be5-481a8f8243f9,Blossom Blush Bunny with Personalised Navy Jumper,MEDIUM,38.0,In Stock,12.0,5.0,2024/01/08 19:23:23
b7d4cbcd-5994-46f0-87b3-df3c30c1807a,816201ae-05f7-4334-bd94-56a18592c076,Blossom Blush Bunny with Personalised Red Jumper,MEDIUM,38.0,In Stock,12.0,5.0,2024/01/08 19:23:25
54bfe364-c5c3-4b5f-abec-fa1883a5d859,f7c5aa0d-e92d-40d5-bbb7-fa6f823cdcbc,Little Bunny,ONE SIZE,22.0,In Stock,7.0,4.0,2024/01/08 19:23:27
3c0ff075-2f17-4889-b168-171d0de21e86,202b5a68-4bb2-45fa-9dcb-8c740e78fca9,Personalised Odell Octopus Soother,ONE SIZE,31.0,In Stock,13.0,13.0,2024/01/08 19:23:29
3594c568-1bb8-445a-8e64-7ee5ea1fbdeb,ec3afbc3-7242-4699-baf4-cfb10c1d2b47,Wiley Whale,HUGE,90.0,In Stock,8.0,31.0,2024/01/08 19:23:30
f31631a9-abb5-46be-b057-0eca7b56c252,ec3afbc3-7242-4699-baf4-cfb10c1d2b47,Wiley Whale,LARGE,53.0,In Stock,7.0,20.0,2024/01/08 19:23:30
4509641a-8dd8-4558-b1bf-0df70d906049,dc4942aa-51f9-46f8-8115-2bc7f62e65f9,Bailey Sloth,MEDIUM,35.0,In Stock,16.0,3.0,2024/01/08 19:23:33
1b98a724-5d62-4910-8b86-d2e6995efa89,dc4942aa-51f9-46f8-8115-2bc7f62e65f9,Bailey Sloth,SMALL,28.0,Out of stock,13.0,2.0,2024/01/08 19:23:33
e7b4cc9a-2611-4df4-8b56-385c377e8cca,15a06cf9-dd44-41db-8be3-7f1b884968ae,Storm Octopus,LARGE,53.0,In Stock,19.0,7.0,2024/01/08 19:23:35
cd1e49a0-8859-44a3-9deb-6eff92a7e6ac,15a06cf9-dd44-41db-8be3-7f1b884968ae,Storm Octopus,LITTLE,30.0,Returning to stock 3-4 weeks,9.0,4.0,2024/01/08 19:23:35
d3332373-14ae-4598-9017-582e31294674,15a06cf9-dd44-41db-8be3-7f1b884968ae,Storm Octopus,TINY,18.0,More on the way,6.0,3.0,2024/01/08 19:23:35
8c5e41e9-1f9a-4c6e-989f-be1235bfc253,edcd2f60-fd49-4f80-bdbb-9faa4b8d2a0a,Bashful Dragon,VERY BIG,275.0,In Stock,43.0,18.0,2024/01/08 19:23:37
40843463-2515-4f98-99ae-a8e8c776c3b1,edcd2f60-fd49-4f80-bdbb-9faa4b8d2a0a,Bashful Dragon,REALLY BIG,125.0,More on the way,26.0,12.0,2024/01/08 19:23:37
13754106-1c15-4b29-8017-cc6706e03838,edcd2f60-fd49-4f80-bdbb-9faa4b8d2a0a,Bashful Dragon,HUGE,69.5,Out of stock,20.0,8.0,2024/01/08 19:23:37
c8760c8c-c157-4613-9c02-5410b690d1e8,edcd2f60-fd49-4f80-bdbb-9faa4b8d2a0a,Bashful Dragon,MEDIUM,28.0,More on the way,12.0,5.0,2024/01/08 19:23:37
da56461a-322c-4322-a502-1357348c9163,edcd2f60-fd49-4f80-bdbb-9faa4b8d2a0a,Bashful Dragon,SMALL,18.0,More on the way,7.0,4.0,2024/01/08 19:23:37
4bc948c0-a2b4-464e-81b7-fb07f6bb04bc,17e5a435-749f-4193-8678-86a6928ace62,Bashful Dino,VERY BIG,275.0,In Stock,43.0,18.0,2024/01/08 19:23:39
a6d9019f-5003-48af-972b-c2e68a3edadb,17e5a435-749f-4193-8678-86a6928ace62,Bashful Dino,REALLY BIG,125.0,In Stock,26.0,12.0,2024/01/08 19:23:39
8c87d274-a7bf-4cce-a273-39374b98d062,17e5a435-749f-4193-8678-86a6928ace62,Bashful Dino,HUGE,80.0,In Stock,20.0,8.0,2024/01/08 19:23:39
f0c2557e-6bda-4e30-8bc0-3997280179b7,17e5a435-749f-4193-8678-86a6928ace62,Bashful Dino,MEDIUM,28.0,In Stock,12.0,5.0,2024/01/08 19:23:39
bc3a8260-58e5-4c60-905b-3a7815a42c05,17e5a435-749f-4193-8678-86a6928ace62,Bashful Dino,SMALL,18.0,More on the way,7.0,4.0,2024/01/08 19:23:39
f876cb34-03f1-45ff-822e-04b52cfe1a48,ed6ae355-c956-48e1-a3b1-36e4e4372b7a,Bashful Turtle,MEDIUM,28.0,Returning to stock 2-3 months,12.0,5.0,2024/01/08 19:23:41
ec5845a9-4db2-4d69-ba56-76e7a5410e47,ed6ae355-c956-48e1-a3b1-36e4e4372b7a,Bashful Turtle,SMALL,18.0,In Stock,7.0,4.0,2024/01/08 19:23:41
1a8de44c-598d-4cf0-aeb8-f78a4eea7fac,c0ef1750-4cfd-492e-b916-3cc309490fec,Elly Ballerina Book,ONE SIZE,15.0,In Stock,12.0,,2024/01/08 19:23:43
8f935cea-fd06-44dc-ad16-668abae018bc,e972f136-bd34-4342-8e1e-43813d25de2a,Livi Leopard,LARGE,80.0,In Stock,5.0,18.0,2024/01/08 19:23:45
70b84dcc-80a6-40fe-8981-7f7f4cf5d634,e972f136-bd34-4342-8e1e-43813d25de2a,Livi Leopard,LITTLE,35.0,Out of stock,3.0,11.0,2024/01/08 19:23:45
361ef724-4f56-4ee3-bce5-b4e96963ad35,3b8912a6-8a52-4bd5-9796-8550d6edbe67,Bashful Navy Bunny,MEDIUM,28.0,In Stock,12.0,5.0,2024/01/08 19:23:47
fa086ffd-3967-445a-b150-a8a3a2ae4b7c,3b8912a6-8a52-4bd5-9796-8550d6edbe67,Bashful Navy Bunny,SMALL,18.0,In Stock,7.0,4.0,2024/01/08 19:23:47
6896eb58-8e00-4faa-92d9-1faaae97b469,be3ccaf6-b7a7-4a0f-87a2-55a165f63d7f,Bashful Beige Bunny,VERY BIG,275.0,In Stock,43.0,18.0,2024/01/08 19:23:50
9c9324f9-55f3-4cf5-aa0d-8544a4f22ba1,be3ccaf6-b7a7-4a0f-87a2-55a165f63d7f,Bashful Beige Bunny,REALLY BIG,125.0,In Stock,26.0,12.0,2024/01/08 19:23:50
70cb2e91-4658-4d61-8374-fa4c55b19109,be3ccaf6-b7a7-4a0f-87a2-55a165f63d7f,Bashful Beige Bunny,HUGE,80.0,In Stock,20.0,8.0,2024/01/08 19:23:50
f943ff36-d6ab-4897-99dc-23b9390ab6a8,be3ccaf6-b7a7-4a0f-87a2-55a165f63d7f,Bashful Beige Bunny,LARGE,43.0,In Stock,14.0,6.0,2024/01/08 19:23:50
62135738-2a01-4c7f-8e10-cd9fa2b0982d,be3ccaf6-b7a7-4a0f-87a2-55a165f63d7f,Bashful Beige Bunny,MEDIUM,28.0,Out of stock,12.0,5.0,2024/01/08 19:23:50
63bc2daa-8542-466f-a0d9-ee54d469ecd1,be3ccaf6-b7a7-4a0f-87a2-55a165f63d7f,Bashful Beige Bunny,SMALL,18.0,In Stock,7.0,4.0,2024/01/08 19:23:50
c3baad7b-5fa4-458f-9664-3e5db3578dfd,be3ccaf6-b7a7-4a0f-87a2-55a165f63d7f,Bashful Beige Bunny,TINY,14.0,In Stock,5.0,2.0,2024/01/08 19:23:50
2dfc073e-c019-41b5-bd51-7c10a93cd970,ecfad2a9-f07e-4123-9b06-38064a991ad2,Bashful Navy Bunny with Personalised Cream Jumper,MEDIUM,38.0,In Stock,12.0,5.0,2024/01/08 19:23:52
381b04cd-088a-403e-a789-7942ef9e13db,b8d23c2c-c7a5-4c4d-bdb5-fa485f38ac0c,Bashful Navy Bunny with Personalised Red Jumper,MEDIUM,38.0,In Stock,12.0,5.0,2024/01/08 19:23:54
3b5cc1d8-8637-494e-9695-672ef3fc7a20,57231b26-fe82-411f-a130-696cd3b0fc7c,Personalised Bashful Navy Bunny Medium,MEDIUM,34.0,In Stock,12.0,5.0,2024/01/08 19:23:56
b3a23dec-1f42-443f-8557-c5632c63ba78,366a265b-0954-45eb-893d-4ba3634ea4b8,Bashful Blush Bunny,HUGE,80.0,Out of stock,20.0,8.0,2024/01/08 19:23:59
35bf90c3-a520-4191-8092-f88206f5fecd,366a265b-0954-45eb-893d-4ba3634ea4b8,Bashful Blush Bunny,MEDIUM,28.0,In Stock,12.0,5.0,2024/01/08 19:23:59
41492963-a0fb-450a-99e3-fe7665bf59b4,366a265b-0954-45eb-893d-4ba3634ea4b8,Bashful Blush Bunny,SMALL,18.0,More on the way,7.0,4.0,2024/01/08 19:23:59
df87b764-52ae-4af1-b2df-aca2383593e7,eb8abbc2-a62e-4253-adc8-eb9c6a43a760,My Friend Bunny Book,ONE SIZE,15.0,In Stock,9.0,9.0,2024/01/08 19:24:00
224c9e1a-3447-466d-b712-4e0cae385711,66425ab2-44d2-475a-8378-d0947545785b,Bashful Beige Bunny Blanket,ONE SIZE,45.0,In Stock,40.0,30.0,2024/01/08 19:24:03
2072ab1d-c609-4eac-b5a3-ab34e69d9d84,8b5b1a27-0908-49dd-b928-4059e1fc2e61,Bashful Blue Bunny Blanket,ONE SIZE,45.0,In Stock,40.0,30.0,2024/01/08 19:24:06
f43e3a1a-f2eb-4858-bbf1-9e49ffcb2239,56e1b058-19a6-4ed7-a370-04f7b5630168,Bashful Pink Bunny Blanket,ONE SIZE,45.0,In Stock,40.0,30.0,2024/01/08 19:24:09
a8bd7df6-a795-4e35-bd22-03a686b8fff0,accac209-7264-481f-9e54-ab1d871d8215,Harry Panda Cub,HUGE,120.0,Out of stock,20.0,10.0,2024/01/08 19:24:45
b637bd00-665c-4119-aeac-3d25ab2d45d7,accac209-7264-481f-9e54-ab1d871d8215,Harry Panda Cub,LARGE,65.0,More on the way,15.0,8.0,2024/01/08 19:24:45
56ce9f17-d1a2-44cd-9046-9c71e30bc24d,accac209-7264-481f-9e54-ab1d871d8215,Harry Panda Cub,MEDIUM,35.0,In Stock,11.0,6.0,2024/01/08 19:24:45
d52cb995-e6b4-42f2-8b5e-0234b7177947,accac209-7264-481f-9e54-ab1d871d8215,Harry Panda Cub,TINY,13.0,Out of stock,5.0,3.0,2024/01/08 19:24:45
f0816286-70dd-4353-bcb3-f09930790164,212556b7-9b1c-4a0d-99d4-7bb502e56c36,Bashful Lamb with Personalied Red Jumper,MEDIUM,38.0,In Stock,12.0,5.0,2024/01/08 19:24:46
f2ef7888-5c83-492f-9f9c-93ffd9cde4c4,0e44081b-e0e5-414d-b52e-c7361b0596c7,Larry Lobster,MEDIUM,33.0,In Stock,11.0,4.0,2024/01/08 19:24:48
790bccc1-e6cf-47ef-90b5-57430dbb90ca,0e44081b-e0e5-414d-b52e-c7361b0596c7,Larry Lobster,SMALL,25.0,Returning to stock 2-3 months,8.0,3.0,2024/01/08 19:24:48
85281841-73c7-48b8-aee4-fbabfdce1caf,a1ae2fd3-a193-49d2-b374-75f61514926d,Bashful Truffle Bunny,MEDIUM,28.0,In Stock,12.0,5.0,2024/01/08 19:24:50
fb097531-c6a4-4e8c-9962-590cf287af56,a1ae2fd3-a193-49d2-b374-75f61514926d,Bashful Truffle Bunny,SMALL,18.0,Out of stock,7.0,4.0,2024/01/08 19:24:50
a8665002-8a0b-47f2-9353-682df7630221,bb94d962-4135-4e9c-a477-a25b3ebd8185,Colin Chameleon,ONE SIZE,29.0,In Stock,11.0,4.0,2024/01/08 19:24:52
2a30066e-228d-48e7-957b-be9e7d8dc160,0cdaedf3-e6fa-4f57-91c7-d7f3bf5e2abf,Bashful Truffle Bunny with Personalised Cream Jumper,MEDIUM,38.0,In Stock,12.0,5.0,2024/01/08 19:24:54
00d23ee1-d44b-4e52-9a26-2174fa7c89de,6f12413d-787a-470f-9b9b-84d8abf322b1,Bashful Truffle Bunny with Personalised Navy Jumper,MEDIUM,38.0,In Stock,12.0,5.0,2024/01/08 19:24:56
575c4a4f-dd50-4dec-a216-86c0e02653e4,2f5fc8c1-0f06-4189-a8d3-4bf54da76fa3,Bashful Truffle Bunny with Personalised Red Jumper,MEDIUM,38.0,In Stock,12.0,5.0,2024/01/08 19:24:59
8ddbff57-092e-4258-9722-98b777ffc0d8,85c2c35e-08dd-43e9-b8da-57a47b9fd090,Bashful Fox Cub,HUGE,80.0,In Stock,20.0,8.0,2024/01/08 19:25:01
6f9c9ae3-652c-4870-80f0-1dfe7b26fcbb,85c2c35e-08dd-43e9-b8da-57a47b9fd090,Bashful Fox Cub,MEDIUM,28.0,More on the way,12.0,5.0,2024/01/08 19:25:01
f5abb7d7-d82b-4188-bc3d-f5586929eddf,85c2c35e-08dd-43e9-b8da-57a47b9fd090,Bashful Fox Cub,SMALL,16.5,Out of stock,7.0,4.0,2024/01/08 19:25:01
34fea05b-e568-42c7-a664-d8c5df9d0904,51fc5949-c7aa-4284-96b9-e4bf7b518a47,Bashful Toffee Puppy,VERY BIG,275.0,In Stock,43.0,18.0,2024/01/08 19:25:03
b696ccee-808e-4afd-9261-f76f34100c13,51fc5949-c7aa-4284-96b9-e4bf7b518a47,Bashful Toffee Puppy,REALLY BIG,125.0,In Stock,26.0,12.0,2024/01/08 19:25:03
b6757406-ead2-4ad6-941b-9ab634ed1da4,51fc5949-c7aa-4284-96b9-e4bf7b518a47,Bashful Toffee Puppy,MEDIUM,28.0,Returning to stock 2-3 months,12.0,5.0,2024/01/08 19:25:03
64754a05-3874-4a54-8863-59416c99cec8,51fc5949-c7aa-4284-96b9-e4bf7b518a47,Bashful Toffee Puppy,SMALL,18.0,Returning to stock 2-3 months,7.0,4.0,2024/01/08 19:25:03
9caa66c3-6ac4-4645-9e36-d401cb9d219a,a48674fd-e778-4ad7-aaf5-46994ea4600e,If I Were A Bunny Book,ONE SIZE,13.5,In Stock,6.0,6.0,2024/01/08 19:25:04
9ceb6928-41ab-421c-a159-d3dddbd9eed0,157a018b-6503-4c0a-a93e-4d8a3f0f0798,The Very Brave Lion Book,ONE SIZE,15.0,In Stock,9.0,9.0,2024/01/08 19:25:06
d1b2df92-0f70-4f12-a4c3-9125ee3062a6,0120a5d1-9abb-48aa-93ce-276e9b743fe3,If I Were A Bunny Book and Bashful Bunny,SMALL,31.5,In Stock,,,2024/01/08 19:25:08
44d61a1c-2f7a-4e88-a25a-a5606b95360e,7095632c-3bb1-462a-822a-2aa0db6336da,The Very Brave Lion Book and Fuddlewuddle Lion,MEDIUM,45.0,In Stock,,,2024/01/08 19:25:10
997a7c26-3d7a-465d-82d0-219edb2a2279,e9031217-80db-48b1-8032-7aa01dc9db82,Bashful Twinkle Bunny,MEDIUM,28.0,More on the way,12.0,5.0,2024/01/08 19:25:12
e1bfe28b-9170-4202-9d91-c6e694306b2d,e9031217-80db-48b1-8032-7aa01dc9db82,Bashful Twinkle Bunny,SMALL,18.0,In Stock,7.0,4.0,2024/01/08 19:25:12
4680d986-3aa7-47f8-80cd-6cb94f0d59a7,6f59c862-b0f8-4356-a1ae-f65027872fea,Blossom Tulip Bunny,HUGE,80.0,Out of stock,20.0,8.0,2024/01/08 19:25:14
4855629c-95b2-42e1-b39c-86c983978eda,6f59c862-b0f8-4356-a1ae-f65027872fea,Blossom Tulip Bunny,LARGE,43.0,In Stock,14.0,6.0,2024/01/08 19:25:14
f2814fe9-0a46-4cb4-a499-d8a3a5f29c87,6f59c862-b0f8-4356-a1ae-f65027872fea,Blossom Tulip Bunny,MEDIUM,28.0,In Stock,12.0,5.0,2024/01/08 19:25:14
dd2374b9-f74e-4ea7-ac07-b5bfe8095c0a,6f59c862-b0f8-4356-a1ae-f65027872fea,Blossom Tulip Bunny,SMALL,18.0,In Stock,7.0,4.0,2024/01/08 19:25:14
63959f51-f28b-4b57-bdf7-2f55f3043734,6f59c862-b0f8-4356-a1ae-f65027872fea,Blossom Tulip Bunny,TINY,10.0,Out of stock,5.0,,2024/01/08 19:25:14
c2ae9a83-c210-4102-8189-f539117b891d,f61619dc-f898-4392-b6a5-b7458ef4f082,Blossom Tulip Bunny with Personalised Cream Jumper,MEDIUM,38.0,In Stock,12.0,5.0,2024/01/08 19:25:16
d13fd7e0-d451-4663-a1c0-10fa52dbc1e0,cd8ff093-9812-46bb-9bfb-57fd8069d7cd,Blossom Tulip Bunny with Personalised Navy Jumper,MEDIUM,38.0,In Stock,12.0,5.0,2024/01/08 19:25:18
0540a426-2fb2-4260-9fcb-2596f3af051b,6bd41b2b-8578-4fcd-87db-02db39441613,Blossom Tulip Bunny with Personalised Red Jumper,MEDIUM,38.0,In Stock,12.0,5.0,2024/01/08 19:25:21
71acb831-7cbc-456c-9ec8-8308a3aaa889,dfc3a7df-a1ed-4073-ae27-f2dcb2c64eff,Personalised Bashful Silver Bunny Huge,HUGE,86.0,In Stock,20.0,8.0,2024/01/08 19:25:23
145fabac-8ff6-4e9b-b472-ab83bb62a8ae,84638c2b-0700-40ea-89dd-70ea49e743a1,If I Were An Elephant Book,ONE SIZE,13.5,In Stock,6.0,6.0,2024/01/08 19:25:25
efcbe97d-3607-4eb5-ab46-57ab979b1f19,c5f8eb90-aae0-4257-987a-cf52d5389e3a,The Magic Bunny Book,ONE SIZE,15.0,In Stock,7.0,7.0,2024/01/08 19:25:26
956e3060-f63f-4f39-9e3f-1c960e78494d,c655c4b6-2725-4c7b-a14b-38d5c47c9b70,When I am Big Book,ONE SIZE,15.0,In Stock,8.0,8.0,2024/01/08 19:25:28
2d9c5dff-5d18-4c29-b9de-15625a77d6ed,657007ce-e2d7-468b-a8ef-631d156d36ef,Bumbly Bear,HUGE,99.0,Out of stock,23.0,9.0,2024/01/08 19:25:30
67100358-71fc-46b8-ad53-d19c70832fcf,657007ce-e2d7-468b-a8ef-631d156d36ef,Bumbly Bear,LARGE,60.0,In Stock,20.0,7.0,2024/01/08 19:25:30
1ea85e05-0660-48af-acd9-462ab07d8328,657007ce-e2d7-468b-a8ef-631d156d36ef,Bumbly Bear,MEDIUM,43.0,In Stock,15.0,6.0,2024/01/08 19:25:30
a37b166d-0d52-4879-b54d-8cca059f02b4,657007ce-e2d7-468b-a8ef-631d156d36ef,Bumbly Bear,SMALL,28.0,More on the way,11.0,4.0,2024/01/08 19:25:30
b0ba8b09-0609-4f9b-beb1-88b3120edd2d,6a4c1327-6d1b-4312-a9e3-5dc92a580527,The Magic Bunny Book and Bashful Cottontail Bunny,MEDIUM,43.0,In Stock,,,2024/01/08 19:25:32
0c4984bb-9a05-46d7-b34e-7471ebe7ae5d,3813a8ff-5d6a-4a54-a12b-fea704c136a8,Bashful Unicorn,MEDIUM,28.0,In Stock,12.0,5.0,2024/01/08 19:25:34
470ea538-2822-4d4c-bbcc-d3d80d6bbc50,3813a8ff-5d6a-4a54-a12b-fea704c136a8,Bashful Unicorn,SMALL,18.0,In Stock,7.0,4.0,2024/01/08 19:25:34
e974025d-5f34-4e7f-92f0-8b18f33f56b2,ff1ef44e-27a7-4c69-b014-696842a9c1fb,Fuddlewuddle Monkey,MEDIUM,30.0,In Stock,9.0,5.0,2024/01/08 19:25:35
c85e890b-c596-4c00-aee0-bee6194e3125,24a7a481-bd3d-466d-aa9b-7c6d189871a7,Bashful Beige Bunny Grabber,ONE SIZE,15.0,In Stock,7.0,3.0,2024/01/08 19:25:37
ab3c7c35-f695-4dfb-875e-75098589eb98,15c6401a-7a81-4f9f-9e2a-748df6bd4c71,If I Were A Rabbit Book,ONE SIZE,13.5,In Stock,6.0,6.0,2024/01/08 19:25:39
130e2789-68fb-4ea6-922b-618dbb434a43,f009bd96-8684-4d07-a3c8-f6b952b9a80c,If I Were A Rabbit Book and Bashful Tulip Bunny,SMALL,31.5,In Stock,,,2024/01/08 19:25:41
b974d886-e239-414b-a353-926dab1e5cd5,c545509d-e931-4871-a9bf-85b5dfc5d697,Fuddlewuddle Lion,HUGE,69.0,Out of stock,17.0,9.0,2024/01/08 19:25:43
b9c91ba4-4abd-48f0-a6d9-d0767b781077,c545509d-e931-4871-a9bf-85b5dfc5d697,Fuddlewuddle Lion,LARGE,50.0,More on the way,12.0,6.0,2024/01/08 19:25:43
14cc9d5b-9c2d-44f8-9ddf-3dd73b9345ac,c545509d-e931-4871-a9bf-85b5dfc5d697,Fuddlewuddle Lion,MEDIUM,30.0,In Stock,9.0,5.0,2024/01/08 19:25:43
538615f9-a016-4c5e-8b32-2be742b140e1,f71db77b-2743-4e72-8379-b1a81dedf23a,Bartholomew Bear,REALLY BIG,140.0,In Stock,22.0,13.0,2024/01/08 19:25:46
27a67194-c9a6-4c70-b0db-0d7f3831a902,f71db77b-2743-4e72-8379-b1a81dedf23a,Bartholomew Bear,HUGE,55.0,In Stock,19.0,7.0,2024/01/08 19:25:46
f2ca0564-cdfb-44b3-baa9-a3f2c5b7daa7,f71db77b-2743-4e72-8379-b1a81dedf23a,Bartholomew Bear,LARGE,40.0,In Stock,14.0,7.0,2024/01/08 19:25:46
1e9d054c-62e9-4e08-80ff-259ccfda1e8a,f71db77b-2743-4e72-8379-b1a81dedf23a,Bartholomew Bear,MEDIUM,28.0,More on the way,11.0,5.0,2024/01/08 19:25:46
0788ae4a-8ece-4d02-90dc-d1474d3b3d55,f71db77b-2743-4e72-8379-b1a81dedf23a,Bartholomew Bear,TINY,18.5,In Stock,6.0,3.0,2024/01/08 19:25:46
260ffe64-66b2-4b5b-86fc-67313f766d56,48fe6bb1-9a11-42b5-9845-79efe80133d0,Bashful Silver Bunny,VERY BIG,275.0,In Stock,43.0,18.0,2024/01/08 19:25:48
741bc3f0-af9e-4197-b22e-ffc3d92ad783,48fe6bb1-9a11-42b5-9845-79efe80133d0,Bashful Silver Bunny,REALLY BIG,125.0,In Stock,26.0,11.0,2024/01/08 19:25:48
ca629095-fd6a-4f4a-a7d8-b33c4283500f,48fe6bb1-9a11-42b5-9845-79efe80133d0,Bashful Silver Bunny,HUGE,80.0,In Stock,20.0,8.0,2024/01/08 19:25:48
47e75fb2-5f4b-43cc-9de9-79b37e6244c6,48fe6bb1-9a11-42b5-9845-79efe80133d0,Bashful Silver Bunny,LARGE,37.5,Out of stock,14.0,6.0,2024/01/08 19:25:48
2b976c2e-1b55-41eb-a350-05b7ffa31b3e,48fe6bb1-9a11-42b5-9845-79efe80133d0,Bashful Silver Bunny,MEDIUM,28.0,In Stock,12.0,5.0,2024/01/08 19:25:48
a1b61529-9b9b-4b95-8c05-28494b0d744b,48fe6bb1-9a11-42b5-9845-79efe80133d0,Bashful Silver Bunny,SMALL,18.0,In Stock,7.0,4.0,2024/01/08 19:25:48
31259540-7018-4c7e-9641-b2c2814ebb92,4a4c639c-1c66-4173-8d70-3f7d6703319d,Bashful Silver Bunny with Personalised Cream Jumper,MEDIUM,38.0,In Stock,12.0,5.0,2024/01/08 19:25:51
2d6fb30d-8305-418b-a266-90b55f3ea575,b5c5b484-b9c1-4a3a-855e-307e0adc1843,Bashful Silver Bunny with Personalised Navy Jumper,MEDIUM,38.0,In Stock,12.0,5.0,2024/01/08 19:25:53
1794eaa9-41f8-4fb8-b514-67f0e91b5370,65e75f95-ddae-4170-aa5f-a5cdd33a52d9,Bashful Silver Bunny with Personalised Red Jumper,MEDIUM,38.0,In Stock,12.0,5.0,2024/01/08 19:25:55
656d6118-5d2f-44ce-826a-132f1e0453c8,37d7a360-7191-4b07-b606-2624f062a527,Personalised Bashful Silver Bunny Medium,MEDIUM,34.0,In Stock,12.0,5.0,2024/01/08 19:25:57
ff86a61a-9895-43cc-b42f-bf94c9cad453,6e6c9b26-aa99-4037-bba2-821f80606bb6,Bashful Cottontail Bunny,VERY BIG,275.0,In Stock,43.0,18.0,2024/01/08 19:25:59
38b40c1a-a01f-4b7d-b977-43559c95d6db,6e6c9b26-aa99-4037-bba2-821f80606bb6,Bashful Cottontail Bunny,REALLY BIG,125.0,In Stock,26.0,12.0,2024/01/08 19:25:59
f1136d3a-4d60-4b25-80d2-3a485b4ee679,6e6c9b26-aa99-4037-bba2-821f80606bb6,Bashful Cottontail Bunny,MEDIUM,28.0,In Stock,12.0,5.0,2024/01/08 19:25:59
6f4c1d22-b591-44d0-916f-979f2e3fb825,6e6c9b26-aa99-4037-bba2-821f80606bb6,Bashful Cottontail Bunny,SMALL,17.5,Out of stock,7.0,4.0,2024/01/08 19:25:59
df9c8bd3-3a43-485d-929e-ca792b3c100c,735c454b-c41e-4a6b-9235-8885a583e6c2,Blossom Cream Bunny,LARGE,43.0,Out of stock,14.0,6.0,2024/01/08 19:26:01
4f90463c-f570-433e-a935-6a2950762c09,735c454b-c41e-4a6b-9235-8885a583e6c2,Blossom Cream Bunny,MEDIUM,28.0,Returning to stock 3-4 weeks,12.0,5.0,2024/01/08 19:26:01
7b5fae34-acde-4cd7-b695-16f5a2d36ce6,735c454b-c41e-4a6b-9235-8885a583e6c2,Blossom Cream Bunny,SMALL,18.0,In Stock,7.0,4.0,2024/01/08 19:26:01
28120a4c-4b6b-4e5f-a425-4eb4d195ec7c,e9045a19-c952-40d3-a3ff-e06d28005ef7,Bashful Cottontail Bunny with Personalised Cream Jumper,MEDIUM,38.0,In Stock,12.0,5.0,2024/01/08 19:26:03
692a7931-e450-41b2-b5ec-7e6acb3cdb01,79caa2a3-d997-4f55-9697-7a0c428f624b,Bashful Cottontail Bunny with Personalised Navy Jumper,MEDIUM,38.0,In Stock,12.0,5.0,2024/01/08 19:26:05
61dddae9-59cc-44b7-a66f-261e1be43de9,0148f785-bdf9-4007-b023-1c4b0c2f097b,Bashful Cottontail Bunny with Personalised Red Jumper,MEDIUM,38.0,In Stock,12.0,5.0,2024/01/08 19:26:07
ab2538b0-2c1c-4dc9-b816-ede0917b0fa5,9ef68427-9ca0-4240-8e96-f7609e5e1a54,Personalised Bashful Cottontail Bunny Medium,MEDIUM,34.0,In Stock,12.0,5.0,2024/01/08 19:26:09
d393f5c0-8499-4968-8f49-502ccb2139f6,9d7902dc-6c17-41db-b395-237341613baf,Bashful Monkey Soother,ONE SIZE,25.0,In Stock,13.0,13.0,2024/01/08 19:26:11
c36d9817-74ef-45db-afc0-b5870af5a9fb,b18decf3-d93c-4779-b302-3b2b3e2d8221,Bashful Black & Cream Puppy,VERY BIG,275.0,In Stock,43.0,18.0,2024/01/08 19:26:13
480860a8-082f-4a2b-a37b-3f0dbad271bf,b18decf3-d93c-4779-b302-3b2b3e2d8221,Bashful Black & Cream Puppy,MEDIUM,28.0,In Stock,12.0,5.0,2024/01/08 19:26:13
f8a5ede8-f81b-413b-ac42-f6ed9ecb50ad,b18decf3-d93c-4779-b302-3b2b3e2d8221,Bashful Black & Cream Puppy,SMALL,18.0,In Stock,7.0,4.0,2024/01/08 19:26:13
1507c050-5b19-4b23-a58a-8c4e88f7aa54,320b7583-50bc-4edd-95f7-db81dac5bedf,Bashful Blue Bunny,HUGE,67.5,Out of stock,20.0,8.0,2024/01/08 19:26:16
ec94eb88-b374-41e1-a3da-801d14e1392b,320b7583-50bc-4edd-95f7-db81dac5bedf,Bashful Blue Bunny,MEDIUM,28.0,In Stock,12.0,5.0,2024/01/08 19:26:16
4f553e14-f098-48cf-bb4f-ad747eabd646,320b7583-50bc-4edd-95f7-db81dac5bedf,Bashful Blue Bunny,TINY,10.0,Out of stock,5.0,2.0,2024/01/08 19:26:16
27d1f275-5d58-4c1d-a7c1-5cd42695078f,094d7f4d-a9d0-46c2-8474-043b58e940a9,Bashful Pink Bunny,HUGE,67.5,Out of stock,20.0,8.0,2024/01/08 19:26:18
7b1f6b4e-73e5-481f-9a1a-f5ac43c6e741,094d7f4d-a9d0-46c2-8474-043b58e940a9,Bashful Pink Bunny,LARGE,43.0,Out of stock,14.0,6.0,2024/01/08 19:26:18
09f40f4b-3c4a-410b-828d-2610b29a4540,094d7f4d-a9d0-46c2-8474-043b58e940a9,Bashful Pink Bunny,MEDIUM,28.0,In Stock,12.0,5.0,2024/01/08 19:26:18
229c6382-1b1e-484d-ba56-2882a4caa02e,094d7f4d-a9d0-46c2-8474-043b58e940a9,Bashful Pink Bunny,TINY,10.0,Out of stock,5.0,2.0,2024/01/08 19:26:18
b658dee0-2d7b-48e5-a8e9-b85edc479cc4,56b30b60-5990-496b-9507-b236daecbe9f,Fuddlewuddle Puppy,MEDIUM,30.0,In Stock,9.0,5.0,2024/01/08 19:26:20
a8fd0b7d-8194-4011-9ffb-eb88efaaa77c,99bdbac5-80f1-4fdc-8888-11cadd9f4dfd,Bashful Black & Cream Puppy with Personalised Cream Jumper,MEDIUM,38.0,In Stock,12.0,5.0,2024/01/08 19:26:22
ed446918-337f-4436-b10c-a203f9b008c5,7602c42f-47fb-4fbd-b52a-99db0c44dc21,Bashful Blue Bunny with Personalised Cream Jumper,MEDIUM,38.0,In Stock,12.0,5.0,2024/01/08 19:26:24
ecb6dc56-4d6c-4937-9706-622844e1f1b7,ad310fd0-ba2c-44fa-9249-fd1c33ab5b0d,Bashful Pink Bunny with Personalised Cream Jumper,MEDIUM,38.0,In Stock,12.0,5.0,2024/01/08 19:26:26
962e0f6c-b35c-46f1-ba8e-784607cefa73,e001928b-d931-497d-843a-fdbf5f0f1483,Bashful Black & Cream Puppy with Personalised Navy Jumper,MEDIUM,38.0,In Stock,12.0,5.0,2024/01/08 19:26:28
8e269e39-6380-4008-9b3e-af121cefaf95,2a15da78-c59d-45f3-8b54-5b182fbe7d8b,Bashful Blue Bunny with Personalised Navy Jumper,MEDIUM,38.0,In Stock,12.0,5.0,2024/01/08 19:26:30
d14c1277-6153-45fb-9d7f-4ee9283267f7,eb40e0e9-6d25-4574-91bd-469d9b6227fb,Bashful Pink Bunny with Personalised Navy Jumper,MEDIUM,38.0,In Stock,12.0,5.0,2024/01/08 19:26:33
fedbf956-695f-4b22-8d79-35bf3d1c29be,fe92bb63-9dac-4f58-aa58-e40d33894c52,Bashful Black & Cream Puppy with Personalised Red Jumper,MEDIUM,38.0,In Stock,12.0,5.0,2024/01/08 19:26:35
244981c6-402e-4d4b-a40e-10033d8af980,66e22ffb-8506-4415-a039-18fe3f99e0bf,Bashful Blue Bunny with Personalised Red Jumper,MEDIUM,38.0,In Stock,12.0,5.0,2024/01/08 19:26:37
4b3b1686-0418-4550-bdbb-dd14fbd14ce0,d6e6053c-2cae-463c-a743-4d8eb53a2368,Bashful Pink Bunny with Personalised Red Jumper,MEDIUM,38.0,In Stock,12.0,5.0,2024/01/08 19:26:38
b0e40e7d-3e46-42e4-b8bf-cd415f72a986,197ec4fc-9cd7-41a6-8cf5-5a69494c2d07,Personalised Bashful Blue Bunny Medium,MEDIUM,34.0,In Stock,12.0,5.0,2024/01/08 19:26:40
4cf8d4ff-cd9a-4175-a957-9d404edd7cad,b2223f1b-43f9-40f2-bef1-58453f851784,Bashful Pink Bunny Rattle,SMALL,15.0,In Stock,7.0,4.0,2024/01/08 19:26:42
0e1fb27b-87e7-431f-a1fd-f911ab471a0e,c318931c-8708-48bf-b49a-213561e1f637,Bashful Pink Bunny Soother,ONE SIZE,25.0,In Stock,13.0,13.0,2024/01/08 19:26:44
d6e35062-203f-466a-95b6-aaabd9c44571,6ab4c595-d10d-4e94-bb3c-8bf835e4a94d,Personalised Bashful Cream Bunny Huge,HUGE,86.0,In Stock,20.0,8.0,2024/01/08 19:26:46
8542363c-cf22-4fd0-9d02-9c5308b54dc7,0c4e383a-12cb-4e0f-9455-a3a73579e66d,Edward Bear,MEDIUM,30.0,In Stock,13.0,6.0,2024/01/08 19:26:48
f10bcfad-15c7-415a-8abb-d73973e1e3c3,0c4e383a-12cb-4e0f-9455-a3a73579e66d,Edward Bear,SMALL,23.0,Out of stock,10.0,5.0,2024/01/08 19:26:48
e0faf67f-79ec-4344-9935-2b4523fc1bdb,c3376dee-bad5-4b13-9cf0-4da486250d05,Personalised Bashful Beige Bunny Huge,HUGE,86.0,In Stock,20.0,8.0,2024/01/08 19:26:50
9b1c06d1-001e-493e-85a2-8753268f4af1,b0868a83-da59-4d00-b150-6f144bf8a67f,Bashful Cream Bunny,VERY BIG,275.0,Returning to stock 2-3 months,43.0,18.0,2024/01/08 19:26:53
94f07775-b4d2-4cfb-9937-84362dc10909,b0868a83-da59-4d00-b150-6f144bf8a67f,Bashful Cream Bunny,REALLY BIG,125.0,In Stock,26.0,11.0,2024/01/08 19:26:53
f4105667-570e-4792-ba3d-c1bf5f07382b,b0868a83-da59-4d00-b150-6f144bf8a67f,Bashful Cream Bunny,HUGE,80.0,In Stock,20.0,8.0,2024/01/08 19:26:53
ff4edcbb-d09d-40c3-bfe0-5d6aa0c89f88,b0868a83-da59-4d00-b150-6f144bf8a67f,Bashful Cream Bunny,LARGE,43.0,In Stock,14.0,6.0,2024/01/08 19:26:53
bd4a5e16-2ce7-4da2-9e4e-cf52dfaa754c,b0868a83-da59-4d00-b150-6f144bf8a67f,Bashful Cream Bunny,MEDIUM,28.0,Returning to stock 2-3 months,12.0,5.0,2024/01/08 19:26:53
688ba145-4283-4fc2-9aba-92cb343aa622,b0868a83-da59-4d00-b150-6f144bf8a67f,Bashful Cream Bunny,SMALL,18.0,In Stock,7.0,4.0,2024/01/08 19:26:53
8b67bc6e-1e3b-4479-8271-1b9fb8602b45,b0868a83-da59-4d00-b150-6f144bf8a67f,Bashful Cream Bunny,TINY,14.0,Out of stock,5.0,2.0,2024/01/08 19:26:53
0157ab7b-3db9-4a5c-9a9e-06b3a8439a9e,3905f945-20f1-48e2-bfc2-d1cd39e76c17,Personalised Rose Dragon Huge,HUGE,126.0,In Stock,7.0,26.0,2024/01/08 19:26:54
c540e3d1-a8fc-44f2-94f3-b53c3e955299,6b5e126c-d308-4dac-8f96-d1336a510df6,Personalised Bashful Pink Bunny Soother,ONE SIZE,31.0,In Stock,13.0,13.0,2024/01/08 19:26:57
ea279176-3308-49f0-adec-de8ae954b1c6,00540b76-b020-4ce3-a086-25366efc7234,Rory Le Courageux Petit Lion & Fuddlewuddle Lion,MEDIUM,45.0,In Stock,,,2024/01/08 19:26:58
09dedd1b-8faa-4c7f-bdb7-513eb31fac22,2be642f1-bf72-4ee7-a99e-fa6572649609,All Kinds of Cats Book and Jellycat Jack,MEDIUM,60.0,In Stock,,,2024/01/08 19:27:00
8d4438e9-30e5-4c2e-8b56-0fbee31b63af,48aa88cc-997f-4bed-8623-0efcc04c211f,Lapin Timide Et Ses Petites Aventures & Bashful Beige Bunny,MEDIUM,43.0,In Stock,,,2024/01/08 19:27:02
b1fc8046-6bb4-470a-b3be-f3137f73426f,f7f19d94-7d08-4b32-907c-d3665c84f95e,Lottie Fairy Bunny Book and Lottie Bunny Fairy,ONE SIZE,47.5,In Stock,,,2024/01/08 19:27:03
16ac9558-9a47-4431-9a3e-b4c577a185ad,608048a4-dd5b-485f-b0d4-fdb234dae3dc,Lapin Timide Veille Sur Tes Nuits & Bashful Cottontail Bunny,MEDIUM,43.0,In Stock,,,2024/01/08 19:27:05
72d8bb48-d3f9-4498-93f2-8a53cf65fb93,47d9cf48-1bc8-4562-a7d2-623964778bc6,Merry Mouse Book and Merry Mouse,ONE SIZE,42.5,In Stock,,,2024/01/08 19:27:07
001b14fa-d03f-4ca6-a10b-7d19b6fba7da,3351cc70-ccf5-4521-95d6-f7a1f0c890d2,Who Can I Find Book and Little Bunny,ONE SIZE,32.5,In Stock,,,2024/01/08 19:27:08
4258f44e-2981-4e70-9c20-affdb6363352,09493cfa-1eac-48c8-aa04-f12de04942f5,Lapin Timide Veut Grandir & Bashful Cream Bunny,MEDIUM,43.0,In Stock,,,2024/01/08 19:27:10
3285c8fb-5647-47e2-b0f7-f358d87508ce,8c55800c-0c61-4cb2-a611-7c2698a15ece,Festival Dragon,ONE SIZE,55.0,Returning to stock next week,4.0,17.0,2024/01/08 19:27:11
f6c15e7e-ea8c-445f-96bf-2a53192ecbaf,d9a23e1c-f7b7-463c-b340-119d3f075aac,Archie Dinosaur,ONE SIZE,35.0,More on the way,9.0,6.0,2024/01/08 19:27:13
082e0a4e-51cd-4657-9278-815420946a1d,a3c8ebb2-0cf9-48fb-bfec-f3a3c09553cd,Bashful Grey Kitty,MEDIUM,28.0,More on the way,12.0,5.0,2024/01/08 19:27:15
3f9724b4-47eb-4d36-8301-5b9c431a0ece,fc48340e-b5f3-439c-bfe7-11e87fc0e433,If I Were a Bunny Board Book,ONE SIZE,13.5,Returning to stock 2-3 months,6.0,6.0,2024/01/08 19:27:17
115b0117-26c4-450e-a89a-d6f36c3fee4b,ffc06436-cb09-4200-92ab-4b9e994fafed,Blossom Beige Bunny Bag Charm,ONE SIZE,23.0,More on the way,7.0,2.0,2024/01/08 19:27:18
f6b59fe0-236d-4569-909f-f55ad2c37f3f,439eb55a-a6cf-4195-92c9-3f13f67151c2,Blossom Blush Bunny Bag Charm,ONE SIZE,23.0,More on the way,7.0,2.0,2024/01/08 19:27:20
cb0c1064-7ca8-4f1b-b814-14fd1a7cf057,eeb45397-f10d-4645-ae19-3eb4d37b5631,Blossom Jasmine Bunny Bag Charm,ONE SIZE,23.0,More on the way,7.0,2.0,2024/01/08 19:27:21
2c3a529b-daf3-4012-ac4f-5c63260657d2,4385a092-8089-4945-8cf8-f8a8b6be5fc3,Backpack Panda,ONE SIZE,30.0,Returning to stock 2-3 months,9.0,4.0,2024/01/08 19:27:23
1c102059-adcb-42ba-a083-15a99764d6ab,238dc7b6-1361-454a-8af5-8f59a7877b94,Caboodle Puppy,ONE SIZE,20.0,More on the way,4.0,4.0,2024/01/08 19:27:24
76e4536c-21e5-4106-aa8a-9786e6e4b6c9,e0eeccfe-ee4d-4b6a-83e9-dffe148e244e,Carissa Persian Cat,ONE SIZE,45.0,Returning to stock 2-3 months,10.0,10.0,2024/01/08 19:27:26
4f92f8e3-c9b3-4226-a2c0-5ddcb6c74d92,c407eba4-db98-48bf-8ab4-9f40339a4564,Clyde Capybara,ONE SIZE,43.0,Out of stock,8.0,9.0,2024/01/08 19:27:28
f276b19c-e952-48f2-be09-c7e808b21fb6,e2b879b2-b1b1-40da-9959-0b3e4ff3bf1c,Dara Giraffe,ONE SIZE,75.0,More on the way,22.0,7.0,2024/01/08 19:27:29
ac099143-969f-4b5a-a58f-ecdae38405b3,44e248f4-8910-4390-b548-e5dd36564592,Dario Donkey,ONE SIZE,60.0,More on the way,14.0,7.0,2024/01/08 19:27:31
7ca95c95-f625-44a5-b5cb-5e594a2cb5f4,7b5e2043-17b8-43cd-ad09-440cb70e0333,Fuddlewuddle Ginger Cat,MEDIUM,30.0,More on the way,9.0,5.0,2024/01/08 19:27:32
f1a46a80-6cd5-4d3c-a67c-4c0539a3339d,f6993e9c-4990-47d7-9573-374518e1ac48,Gordy Guinea Pig,ONE SIZE,30.0,More on the way,8.0,6.0,2024/01/08 19:27:34
1aa00164-9b34-40c6-9b0e-ec8fe081064d,165d3ac2-9bd1-4413-8d95-ed31e7bfda4f,Huddles Kangaroo,ONE SIZE,45.0,Returning to stock 2-3 months,10.0,6.0,2024/01/08 19:27:35
a1dab612-7a9c-4a7d-905e-e8c303d8ce19,e16fd5de-2d6a-46fa-b9af-652b2e5c7763,Iris Siamese Cat,ONE SIZE,33.0,More on the way,11.0,5.0,2024/01/08 19:27:37
6e015b8e-e863-475e-b418-1c1fc3efbc1c,9bdfdb9e-0fe4-4f84-9b37-72b83e226f35,Little Goat,ONE SIZE,22.0,More on the way,7.0,4.0,2024/01/08 19:27:39
f87ee861-b450-4abe-9a68-459da6a69069,05aefcdf-921f-4750-ad65-ccc1e62948b0,Little Pig Bag,ONE SIZE,40.0,More on the way,7.0,7.0,2024/01/08 19:27:40
34514b0f-c6a9-435c-9e86-3dd1f73429b1,8b539cf0-31b0-4a6c-a69b-86107a030796,Little Pup Bag Charm,ONE SIZE,25.0,More on the way,7.0,2.0,2024/01/08 19:27:42
193683ac-9057-4b67-b1ef-61b5f89c28bf,dbc6bef2-a735-49c8-8710-ce4f0897e28b,Randall Basset Hound,ONE SIZE,35.0,More on the way,9.0,13.0,2024/01/08 19:27:43
c172a99d-e448-4200-88aa-b01b974adc41,b03ea9c6-3f66-4234-8116-666e500c5be2,Richie Dromedary,ONE SIZE,60.0,More on the way,11.0,17.0,2024/01/08 19:27:45
f99ea9ac-6bc9-4bee-9d59-0297526d5fc2,466c72d7-396c-42c0-868d-4d14b01cdf4d,Tilly Golden Retriever,ONE SIZE,35.0,Returning to stock 2-3 months,11.0,6.0,2024/01/08 19:27:46
6995f8a3-834c-4085-ba40-53388f0bd486,8d072a42-21e1-4d53-99e3-987e5ee9c07f,Wanderlust Elly,ONE SIZE,100.0,More on the way,7.0,14.0,2024/01/08 19:27:48
7dfdee0f-6315-4cf4-bc7b-8200cfec705c,0dd7e0ea-8ef0-41ae-9ab9-6a7d25f8cd5e,Yummy Puppy,ONE SIZE,20.0,Returning to stock 2-3 months,6.0,3.0,2024/01/08 19:27:50
2716c2ba-ef06-490b-aa3b-550cfd82b220,a8b4e74c-865a-4949-a865-9ca3fe1cf6a0,Dainty Dessert Bunny Cupcake,ONE SIZE,28.0,Returning to stock 2-3 months,6.0,4.0,2024/01/08 19:27:51
971db0e8-fcaf-4b21-a2e1-a03b48c29520,4871b74d-7d49-496c-bcde-a5b7f36e1473,Fluffy Duck,ONE SIZE,15.0,Returning to stock 2-3 months,4.0,2.0,2024/01/08 19:27:53
3bbe3b50-456d-485f-affc-7a95c862be9b,d4984e89-72a3-40ad-a4d3-0b9f8c1e7ff7,Finnegan Frog,ONE SIZE,20.0,More on the way,9.0,3.0,2024/01/08 19:27:55
2d30d0c9-cc44-4242-af5a-d31376691b6a,872c8f1e-0c04-4c77-af89-2638512533d2,Honeyhome Bee,ONE SIZE,35.0,More on the way,7.0,7.0,2024/01/08 19:27:56
baf20eb1-8718-4b8b-99c4-cc6fb2352598,f3f2608d-5dda-4fba-a168-66dc36d1ca48,Bartholomew Bear Bag,ONE SIZE,38.0,Returning to stock 3-4 weeks,6.0,7.0,2024/01/08 19:27:58
bce5c2b0-f3b9-4a0c-aed0-dd8ca41e04ec,09821ae8-a8ae-4190-a0ff-65b07bc6a0f0,Bashful Bunny Cream Bag Charm,ONE SIZE,19.0,Out of stock,7.0,2.0,2024/01/08 19:28:00
c3312d35-95dd-4188-bd0c-7a35e5de0b90,e52cb333-60d1-436c-9e94-a2aa54767a1b,Bashful Bunny Truffle Bag Charm,ONE SIZE,19.0,More on the way,7.0,2.0,2024/01/08 19:28:01
4e2b5453-f101-4ec3-a88f-0fa4d3de83d4,27c01e98-a7ac-4dd7-b92d-38f0f518b1e4,Bashful Bunny Inky Bag Charm,ONE SIZE,19.0,More on the way,7.0,2.0,2024/01/08 19:28:03
9d06d9b6-6a79-438c-b390-201a19e171b2,8a95530f-d533-4fcc-9636-0d2d4725d248,Kitten Tails Activity Book,ONE SIZE,18.5,More on the way,9.0,5.0,2024/01/08 19:28:04
4ef15f65-b7a5-49fd-b848-1ff7cd03dcdb,69fcf576-a040-44a5-9221-8e05471f258b,When I Am Sleepy Book,ONE SIZE,15.0,Returning to stock 3-4 weeks,8.0,8.0,2024/01/08 19:28:06
82ae6960-0e0b-456d-80cb-c04314039512,b3261df8-24fd-4b8c-9d2d-ee2958d54025,Backpack Puppy,ONE SIZE,30.0,More on the way,9.0,4.0,2024/01/08 19:28:07
82c5a30c-1e16-4998-a6e5-fc2023400c74,bc11c5a0-a1ba-47e0-a81c-e5e4cba608e7,Caractacus Chameleon,ONE SIZE,65.0,More on the way,15.0,7.0,2024/01/08 19:28:09
c551f71b-f2c8-4065-a0aa-4a7bb3bb5306,8c784781-afc6-4271-85b3-8dcf09404389,Cauldron Cuties,ONE SIZE,35.0,More on the way,6.0,5.0,2024/01/08 19:28:10
999a6f47-ecdf-480d-bb34-500e72cbf30f,d931ba5f-ec18-42ad-b754-cc15bedd0bae,Coquette Cutie Cat,ONE SIZE,32.5,More on the way,10.0,2.0,2024/01/08 19:28:12
7eeb940f-c55f-4b03-8a1c-7f7bd5411954,16908c23-e282-4dc0-a084-e10e7346266d,Daphne Pomeranian,ONE SIZE,33.0,More on the way,9.0,8.0,2024/01/08 19:28:14
f8e0c3e4-5c92-4e4b-bfde-30bdbe45480d,0cdc64ba-16ff-4da1-88b2-fe7d59146e14,Floofie St Bernard,ONE SIZE,80.0,More on the way,7.0,16.0,2024/01/08 19:28:15
634a3145-ff8e-47e4-89e4-98d30d959150,f65a79aa-b5b4-48a3-a873-a77eb4292cab,Freya Pony,ONE SIZE,65.0,More on the way,13.0,13.0,2024/01/08 19:28:17
2789e2b7-5578-418f-9113-f4fd126d5108,5a1eca91-1f34-4883-9d89-feace765170f,Georgiana Poodle,ONE SIZE,33.0,More on the way,9.0,5.0,2024/01/08 19:28:18
a6e76aff-47cb-43a2-a592-090f84acebca,3edcd82d-5ad5-4e19-8cb4-d441fa012be5,Jackson Husky,ONE SIZE,35.0,More on the way,10.0,6.0,2024/01/08 19:28:20
dcbefb4d-bb0b-4d05-9ca1-13f1c2452dd1,8476d0a5-9b0b-454c-8ed5-d304b846bbce,Kitten Caboodle Grey,ONE SIZE,20.0,Returning to stock 3-4 weeks,4.0,4.0,2024/01/08 19:28:22
de527c37-6646-4c03-ad46-eb4fc7c2630a,e8e85d3a-6c92-45cc-8d7b-e716a5a7fc34,Little Snake,ONE SIZE,22.0,Returning to stock 2-3 months,6.0,8.0,2024/01/08 19:28:23
b3418a79-6cf3-4d39-82ef-730f6556980a,593fd0c4-c3c5-4f43-a148-89d12578839c,Munro Scottie Dog Bag Charm,ONE SIZE,23.0,Returning to stock 2-3 months,4.0,2.0,2024/01/08 19:28:25
e9bc09a5-f1fb-48f8-b5d5-d3ee206a2314,ef40b65c-3b7c-411e-8c1c-32537dc0415e,Munro Scottie Dog Bag,ONE SIZE,40.0,Out of stock,9.0,5.0,2024/01/08 19:28:26
8ce8774f-9deb-4a58-91b9-cdae574b2413,e34fb946-09ff-4a1e-a23c-f8d823a2b52c,Myrtle Hippopotamus,ONE SIZE,45.0,More on the way,15.0,6.0,2024/01/08 19:28:28
bba506bd-f47e-415e-87c9-cebd5d9441f3,dd9d722b-9169-47de-9e29-3a55d0827380,Nessie Nessa,ONE SIZE,30.0,Out of stock,9.0,14.0,2024/01/08 19:28:30
be141094-6f6a-4feb-b68d-a239abd832de,56431cc5-0439-45da-b0cf-47b05c61ae5f,Ooky Bat,ONE SIZE,20.0,More on the way,6.0,2.0,2024/01/08 19:28:31
f077779c-6329-4329-ab57-7676d18ec045,9dee3080-5275-4570-91ac-9eed23a14b13,Otto Sausage Dog Bag,ONE SIZE,40.0,Returning to stock 2-3 months,6.0,9.0,2024/01/08 19:28:33
9688021e-f417-48bc-9b45-56603902464c,886ac8c6-88a3-4111-b54c-945d1446d683,Ricky Rain Frog Bag Charm,ONE SIZE,23.0,Returning to stock 3-4 weeks,3.0,3.0,2024/01/08 19:28:35
ed2f7de9-6ffa-4179-a06b-f4b90c7e4a5c,650e7d8d-5fd5-40c4-94f1-43d839ffcc97,Timmy Turtle,ONE SIZE,40.0,More on the way,11.0,8.0,2024/01/08 19:28:36
0f926e2f-0f4f-4bdc-bed9-db34c112acf5,cb67a6e7-e51a-4a9f-8de6-46f437a42b88,Yummy Bear,ONE SIZE,20.0,More on the way,6.0,3.0,2024/01/08 19:28:39
99d36c0c-6db8-4e8f-ab37-0dd6d97acce0,05207691-1bfb-4f4a-bf4f-352225f8dfb2,Birdling Seagull,ONE SIZE,17.0,More on the way,4.0,3.0,2024/01/08 19:28:40
4433c8ac-d2ab-4916-b503-3df74ac79bd2,57955abb-c718-4272-b73a-d25ff2658608,Bartholomew Bear Bedtime,MEDIUM,30.0,More on the way,10.0,5.0,2024/01/08 19:28:42
e144765e-e0d3-4f93-a893-5bed64a5cc9f,809fffc7-8629-4977-9c46-65096a2d75c1,Little Reindeer,ONE SIZE,20.0,More on the way,7.0,4.0,2024/01/08 19:28:44
c7830370-b34e-4a50-80e1-890525fe2b56,45c831fd-f32c-4a72-a993-a23a80a1e3e1,Merry Mouse Sleighing,ONE SIZE,42.5,Out of stock,7.0,4.0,2024/01/08 19:28:46
7ca7d91c-4916-4fbd-bf16-d7539d170d9d,e6031d0d-efd9-4025-b834-a27319d2698e,Nesting Penguins,ONE SIZE,35.0,More on the way,4.0,5.0,2024/01/08 19:28:48
d8e7d5ec-bc84-444e-be37-a525d773c0c6,df42d7a2-9fc6-46cb-95c5-41feda94cbde,Ronnie Rockhopper Penguin,ONE SIZE,25.0,More on the way,10.0,4.0,2024/01/08 19:28:50
87533479-b067-47ec-8683-22ca6357c410,dbc6de7c-6751-4396-99fc-e79ee14004c1,Wee Reindeer,ONE SIZE,17.5,Out of stock,5.0,3.0,2024/01/08 19:29:26
2000b141-b6d0-4a08-9da4-066f676557bd,84b763e2-1d39-436e-a4b2-d3b1cd0e930f,Blowzy Belle Cat,ONE SIZE,37.5,More on the way,17.0,4.0,2024/01/08 19:29:28
a82e13cb-47a7-44f9-ab40-07d5bc7079e6,b6c9b071-ad1c-45ac-85dc-e27b269de266,Fuzzkin Lamb,ONE SIZE,25.0,More on the way,9.0,4.0,2024/01/08 19:29:29
d2cfbca1-f506-458c-8cad-9c57f1ce4650,075254eb-95ff-4474-bead-2818080a9951,Herbie Highland Cow,ONE SIZE,35.0,More on the way,10.0,6.0,2024/01/08 19:29:31
5db6d302-2b54-4635-8f54-aa6c04db272b,a626616e-9a5c-46db-b5d5-de83aceef368,Little Monkey,ONE SIZE,22.0,More on the way,7.0,4.0,2024/01/08 19:29:33
a9bd88c4-e9b8-4e4e-a70a-195be7e2cee9,126b7acf-fb87-40c7-bed7-c88850cc4def,Little Mouse,ONE SIZE,22.0,More on the way,7.0,4.0,2024/01/08 19:29:34
99a0f16d-17cc-4a64-b753-542a5efdf4df,517207b2-abfc-43ae-bfa6-a4beb504dcd6,Personalised Bashful Luxe Bunny Rosa Huge,HUGE,91.0,More on the way,20.0,8.0,2024/01/08 19:29:36
fc03f371-4ad0-4668-8128-f420bf82aa58,77f26e9d-1898-4f92-9c47-635ce78b8fa0,Sweetsicle Elephant,ONE SIZE,20.0,More on the way,6.0,3.0,2024/01/08 19:29:38
2f967708-ed86-4224-b4c8-5f1b21ec38d5,544f5268-53ca-49b3-a7c8-56f70f32f7ea,Tumblie Elephant,ONE SIZE,30.0,Returning to stock 2-3 months,5.0,14.0,2024/01/08 19:29:39
26fd4a71-12ec-4175-88a8-46555e38f835,af967668-3503-4164-a737-9b1aba583d45,Wavelly Whale Blue,ONE SIZE,15.0,More on the way,2.0,6.0,2024/01/08 19:29:41
d2729af5-2e5c-4d52-a9d2-b151dd77bff3,24790a54-cfda-46ea-bdd6-5112757361d9,Wavelly Whale Grey,ONE SIZE,15.0,Returning to stock 2-3 months,3.0,5.0,2024/01/08 19:29:43
06640ca8-42e0-4af4-9d45-ae17112a8ffb,7048e8cb-85a7-4f02-ae02-8cbe0547a467,Lottie The Ballet Bunny Book,ONE SIZE,15.0,Returning to stock 3-4 weeks,7.0,7.0,2024/01/08 19:29:44
b7cc27e8-bacc-46a0-8518-81ab073cda9a,a35865e0-e2f1-4110-ad77-907af1a3fd86,Sandy Snail,ONE SIZE,27.0,Returning to stock 2-3 months,5.0,3.0,2024/01/08 19:29:46
c5b66ac2-c0c9-4081-b920-e7683004b7b9,8e9a1f18-2431-42b1-b0f5-d036050a5c65,Yummy Duckling,ONE SIZE,20.0,More on the way,6.0,4.0,2024/01/08 19:29:48
683000e2-f922-48a6-8f47-2f00cd57fef9,cc1e5194-6c5d-4f60-8f15-d74266a84d60,Yummy Lamb,ONE SIZE,20.0,More on the way,6.0,4.0,2024/01/08 19:29:50
c32ece8e-73a8-4f1e-a323-4b7b8714a605,db0a946e-d573-460e-9dd4-ef58ea08f53e,Amore Dog,ONE SIZE,40.0,More on the way,10.0,7.0,2024/01/08 19:29:51
c0f6a4c5-4a9b-4970-94de-bdaab525b739,42e0bf8b-9cef-4ab2-a1d2-890c27301535,Ambrosie Squirrel,ONE SIZE,35.0,More on the way,9.0,4.0,2024/01/08 19:29:53
e5e6a3be-4973-4ea0-8f17-b9ca71a2b020,0cc3cad8-46b8-4758-be44-ca01bba0b146,Archibald Elephant,MEDIUM,28.0,Returning to stock 2-3 months,10.0,5.0,2024/01/08 19:29:54
60752565-94f2-4951-bdb9-f32405b36ea8,8b83c038-9977-436f-b081-34258084d6d1,Barnabus Pig,HUGE,55.0,Out of stock,17.0,7.0,2024/01/08 19:29:56
0bcf71ab-d7da-49e0-b25a-7ed26e61b3d0,8b83c038-9977-436f-b081-34258084d6d1,Barnabus Pig,MEDIUM,28.0,Returning to stock 2-3 months,10.0,5.0,2024/01/08 19:29:56
8e23f608-5086-4955-a402-0a1861a16a91,e346e90d-4b74-47b0-8d0e-0a75a71ce669,Bashful Koala,MEDIUM,28.0,More on the way,11.0,5.0,2024/01/08 19:29:58
67e5e654-3056-4577-a3b9-4f140641f159,b9236c71-1be4-4f2a-a9a4-0c41f228ed97,Backpack Unicorn,ONE SIZE,30.0,More on the way,9.0,4.0,2024/01/08 19:30:00
6dc1319c-5339-4d77-817c-4d28806b9083,ea6f4f8b-469b-4f4c-81fa-26b0f07dada9,Floofie Sheepdog,ONE SIZE,80.0,More on the way,10.0,16.0,2024/01/08 19:30:01
5992ebbf-8dab-4e92-ab9d-2b37c8fbceb9,073139f8-7a18-4ac2-ade6-84037092b3d4,Magnus Manatee,ONE SIZE,50.0,More on the way,6.0,14.0,2024/01/08 19:30:04
424e6eb5-b0df-4f05-adf1-38211d239d71,6d370238-ccc5-4522-b8bc-81331d3e2ae8,Napping Nipper Cat,ONE SIZE,25.0,More on the way,4.0,6.0,2024/01/08 19:30:06
37eab082-debe-419e-ada5-9d85d3fd54d4,e090386b-5bce-42ce-b3b2-58bb78a3d8f4,Hibernating Penguin,ONE SIZE,22.0,More on the way,5.0,5.0,2024/01/08 19:30:08
bee60a70-ced1-4aa6-8885-f4eed016c747,c58c916c-385f-428b-9edf-9d62b3eba809,Little Penguin,ONE SIZE,22.0,More on the way,7.0,3.0,2024/01/08 19:30:09
8144edc6-aace-409f-add1-51c61226be6f,c57c007f-7c44-4ae3-9dab-d1601e682509,Merry Mouse Candy Cane,ONE SIZE,27.5,More on the way,7.0,4.0,2024/01/08 19:30:11
ba2b68d1-46e8-4812-a90f-91089248b776,cc90b820-2094-422f-bbc5-34daa4a1347a,Mitzi Reindeer,LARGE,50.0,More on the way,14.0,4.0,2024/01/08 19:30:13
9ff16ce4-c076-4217-9abe-413f29aa4657,cc90b820-2094-422f-bbc5-34daa4a1347a,Mitzi Reindeer,MEDIUM,32.5,More on the way,10.0,3.0,2024/01/08 19:30:13
ea615893-395c-49d2-8c8e-2429405186fd,43652e1e-90a9-4c13-8070-6cc0ade31cdf,Bashful Black Kitten,MEDIUM,28.0,More on the way,12.0,5.0,2024/01/08 19:30:14
e4583df8-6601-4056-91ed-f24104e01611,d69ddbaf-153b-43fd-96f4-1ec84e0bd259,Bashful Snow Tiger,REALLY BIG,125.0,Out of stock,26.0,12.0,2024/01/08 19:30:16
414c8720-bc2c-4b38-a1b7-c87aeb3f1b4f,d69ddbaf-153b-43fd-96f4-1ec84e0bd259,Bashful Snow Tiger,HUGE,80.0,Out of stock,20.0,8.0,2024/01/08 19:30:16
65008949-e9e3-4e72-8d42-e6f55c05fb0e,d69ddbaf-153b-43fd-96f4-1ec84e0bd259,Bashful Snow Tiger,MEDIUM,28.0,Returning to stock 3-4 weeks,12.0,5.0,2024/01/08 19:30:16
1e1e7575-3290-48cd-96d0-a0a4d9a90ec3,3af1a3e4-18e0-4ca3-a9f2-25220872d713,Birdling Blue Jay,ONE SIZE,17.0,More on the way,4.0,3.0,2024/01/08 19:30:18
40a4457e-3a46-4ee4-ab16-2beb997def09,48d1a0cb-2b8f-4880-99a5-13a5cd4fa0a1,Birdling Mallard,ONE SIZE,17.0,More on the way,4.0,3.0,2024/01/08 19:30:20
c96ceefd-34f8-436c-b873-89299b91b203,2a89b458-d3a3-4eb9-9887-b18aa31d5239,Birdling Pigeon,ONE SIZE,17.0,More on the way,4.0,3.0,2024/01/08 19:30:22
151cbfd7-74fc-49e4-bed4-6859dcbfef74,d5a9e48d-6cea-482b-8c3f-82d931ec362b,My Dad and Me Book,ONE SIZE,15.0,Returning to stock 3-4 weeks,8.0,8.0,2024/01/08 19:30:23
62da0b4f-08b5-445f-a8dc-041336111d8a,123c8514-3217-4fef-beba-9615ab3b7ff6,Backpack Elephant,ONE SIZE,30.0,Returning to stock 2-3 months,9.0,4.0,2024/01/08 19:30:25
c73c6d03-316c-41cb-9a99-f9745a43d45a,7537cd9a-d9da-4e74-9656-579d65b15091,Bruce Bush Baby,ONE SIZE,27.5,More on the way,7.0,5.0,2024/01/08 19:30:27
f457e894-b253-45fe-9df5-a0624eda8819,6f30b99c-ff8e-452d-98d8-e440f7b319e8,Curvie Sheep Dog,ONE SIZE,33.0,More on the way,9.0,6.0,2024/01/08 19:30:28
4028f3cb-8359-4045-8911-8d69e3018467,c37a83cf-bbfc-411c-b355-9e8e726a662a,Flumpie Frog,ONE SIZE,28.0,More on the way,7.0,5.0,2024/01/08 19:30:30
d8a8879f-f37b-4837-b1e2-ed24068f1263,777932d5-8854-4618-9dfc-c90bf8ae1ada,Huggady Panda,LARGE,67.5,Out of stock,13.0,7.0,2024/01/08 19:30:33
00343b4b-af6a-402a-b192-1d2b9c281beb,777932d5-8854-4618-9dfc-c90bf8ae1ada,Huggady Panda,MEDIUM,30.0,More on the way,9.0,5.0,2024/01/08 19:30:33
62546739-5b30-484d-bfcc-a51ac91a9973,095dacee-17a1-40c1-b80c-b1f7c22b7110,Bashful Snow Tiger with Personalised Cream Jumper,MEDIUM,38.0,Returning to stock 3-4 weeks,12.0,5.0,2024/01/08 19:30:35
1e53c7f2-62b9-40f7-a931-4563955089a8,d672c3d4-2121-4d6e-a288-44fcf9fd9b02,Bashful Snow Tiger with Personalised Navy Jumper,MEDIUM,38.0,Returning to stock 3-4 weeks,12.0,5.0,2024/01/08 19:30:37
1d6b5a63-3994-4dc3-ba28-1a1380007221,ff8c74fa-07f6-4bfe-9b44-775ff5be341c,Bashful Snow Tiger with Personalised Red Jumper,MEDIUM,38.0,Returning to stock 3-4 weeks,12.0,5.0,2024/01/08 19:30:39
9b1d4a77-9153-43c4-9c1f-d621dff58b90,dc57ee76-8eb0-423b-8ccb-c3e7aff2909c,Kitten Caboodle Ginger,ONE SIZE,20.0,More on the way,4.0,4.0,2024/01/08 19:30:40
3f797354-f129-40d3-9930-03e1b49525cc,f47497e1-b4cc-4276-9563-b7b367da81eb,Little Frog,ONE SIZE,22.0,More on the way,7.0,4.0,2024/01/08 19:30:42
80dcb72e-7ded-48cb-96fd-9a9b66920cb7,eb7f87de-7957-4cfa-aaaf-823ecafc50c9,Munro Scottie Dog,HUGE,75.0,Out of stock,17.0,9.0,2024/01/08 19:30:44
61a003c0-cc06-495a-94d2-e1152d7dbdd3,eb7f87de-7957-4cfa-aaaf-823ecafc50c9,Munro Scottie Dog,MEDIUM,30.0,Returning to stock 2-3 months,9.0,5.0,2024/01/08 19:30:44
1bb0ada6-242d-4e48-ab99-c3afc454183a,3c75c34b-8627-4b29-98b9-365b58418729,Pacey Pufferfish,ONE SIZE,33.0,Returning to stock 2-3 months,6.0,9.0,2024/01/08 19:30:46
728c5a42-5515-452d-aa8e-3f75d3ce88eb,18d66a82-0dc8-43ee-80be-daf4817fbf43,Rock-a-Bye Bunny,ONE SIZE,30.0,More on the way,7.0,4.0,2024/01/08 19:30:47
e5c01d28-3973-45b1-9362-67502118d141,5285cd5a-1843-4c2b-a2e4-a56e5225c826,Sleepee Panda,MEDIUM,25.0,Out of stock,14.0,6.0,2024/01/08 19:30:49
24347ebf-6296-4196-8762-d3f4d4cacdcb,5285cd5a-1843-4c2b-a2e4-a56e5225c826,Sleepee Panda,SMALL,18.0,Out of stock,9.0,4.0,2024/01/08 19:30:49
c180dece-accb-4f03-ba21-48b03ecee945,9e3f2235-333f-4ea0-9ae2-23168c8a3d3d,Tommy Turtle,ONE SIZE,27.5,More on the way,12.0,6.0,2024/01/08 19:30:51
c6a8e2ea-ffdb-44fd-9a1d-b8af93ab328f,22b711af-60c1-4a14-a1fa-7222563a5ead,Tully Turtle,ONE SIZE,33.0,Returning to stock 3-4 weeks,4.0,10.0,2024/01/08 19:30:53
f8109155-1127-47b3-96cb-b825de50be8a,19c00572-c4cd-46a8-be86-00b1396b957d,Willow Owl,ONE SIZE,23.5,More on the way,8.0,4.0,2024/01/08 19:30:55
e2fa1212-3c16-4d1a-9b38-3c0d94a44622,73b5c0a4-9ae2-4393-9433-16aaef9f4ed6,Bashful Fudge Bunny with Personalised Cream Jumper,MEDIUM,38.0,More on the way,12.0,5.0,2024/01/08 19:30:57
5712929d-0efe-4981-ad77-401072bd37a1,8de62cc6-dd0f-468f-845e-e2d103ae36f6,Bashful Fudge Bunny with Personalised Navy Jumper,MEDIUM,38.0,More on the way,12.0,5.0,2024/01/08 19:30:59
51c3298f-bf45-41a7-95d7-368b4aaf79de,04e1f782-6977-4904-a689-36ec4f4647c0,Bashful Fudge Bunny with Personalised Red Jumper,MEDIUM,38.0,More on the way,12.0,5.0,2024/01/08 19:31:01
4f2b2eae-7ea3-4a65-aec6-31bf2c0f372f,ca7ba4c7-e9df-4d99-b2ca-b6535aade36c,Personalised Bashful Fudge Bunny Medium,MEDIUM,34.0,More on the way,12.0,5.0,2024/01/08 19:31:03
a25ec1ee-e2bd-4ab4-8d2b-508d52a7895e,344c2ead-f3ff-4b4d-9a21-2e68fd652c12,Tumblie Duck,ONE SIZE,30.0,Returning to stock 3-4 weeks,5.0,14.0,2024/01/08 19:31:05
185e40cd-cd29-4fd5-b65a-1abebc1e6868,7e897d6a-e813-4fc4-8b22-101df264a83b,Yummy Bunny Mint,ONE SIZE,20.0,More on the way,5.0,4.0,2024/01/08 19:31:06
c2a5ab51-f1bc-4891-bc20-a08b094821fd,5b3d5a10-88f5-4b1d-bf66-545a73f0b4f4,Pet Tails Book,ONE SIZE,18.5,More on the way,8.0,5.0,2024/01/08 19:31:08
