jellycatid,jellycatname,size,price,stock,datecreated,height,width
6e58d726-04ad-44ab-84e9-c2e1533ca003,Bashful Luxe Bunny Azure,HUGE,85.0,In Stock,2024/01/06 07:37:14,20,8
6e58d726-04ad-44ab-84e9-c2e1533ca003,Bashful Luxe Bunny Azure,MEDIUM,35.0,In Stock,2024/01/06 07:37:14,12,5
d46d24ab-b5b4-413a-bbcf-dd4e65bc470b,All Kinds of Cats Book,ONE SIZE,15.0,In Stock,2024/01/06 07:37:17,9,7
7a15559c-b847-4a95-ad59-4b57a9805259,Fergus Frog,ONE SIZE,50.0,In Stock,2024/01/06 07:37:20,13,4
d0d00bb8-d520-4d63-aff8-3336e46f155e,Jellycat Head Giant,ONE SIZE,220.0,In Stock,2024/01/06 07:37:22,22,24
f5b9ef8b-ef76-4e2d-bdf6-db2248bb1725,Jellycat Jack,REALLY BIG,165.0,In Stock,2024/01/06 07:37:25,26,9
f5b9ef8b-ef76-4e2d-bdf6-db2248bb1725,Jellycat Jack,HUGE,110.0,In Stock,2024/01/06 07:37:25,19,6
f5b9ef8b-ef76-4e2d-bdf6-db2248bb1725,Jellycat Jack,MEDIUM,45.0,Returning to stock next week,2024/01/06 07:37:25,13,4
fa4536c0-390a-44cd-8ce6-cd862d2b8b04,Jellycat Bag Charm,ONE SIZE,28.0,In Stock,2024/01/06 07:37:26,5,4
07b6eae9-446e-4e8c-abe2-6a8703f91b8a,Jellycat Bag,ONE SIZE,45.0,In Stock,2024/01/06 07:37:28,6,9
b4685b6b-6fb3-45c7-b057-5402896a9d4b,Junglie Monkey,MEDIUM,55.0,In Stock,2024/01/06 07:37:30,18,7
99241227-1aef-49cf-b213-3b2e0c7453e7,Truffles Sheep,LARGE,110.0,In Stock,2024/01/06 07:37:31,9,25
84486614-3f2e-4387-8a26-1e4cb9b16c54,Golden Dragon,HUGE,120.0,In Stock,2024/01/06 07:37:33,7,26
84486614-3f2e-4387-8a26-1e4cb9b16c54,Golden Dragon,LARGE,65.0,In Stock,2024/01/06 07:37:33,5,20
84486614-3f2e-4387-8a26-1e4cb9b16c54,Golden Dragon,LITTLE,32.5,In Stock,2024/01/06 07:37:33,3,12
7a2ed4ed-cbcf-45c4-a816-13f24e8183e0,Golden Dragon Bag Charm,ONE SIZE,28.0,In Stock,2024/01/06 07:37:35,5,9
74edf79a-9892-4063-bc82-7a2e377ebebd,Lavender Dragon Bag Charm,ONE SIZE,28.0,In Stock,2024/01/06 07:37:36,5,9
00d5b509-788f-42d4-ab4b-7f97d2afe083,Little Dragon Bag Charm,ONE SIZE,23.0,In Stock,2024/01/06 07:37:38,7,2
4fcb48b4-4d93-49ad-8f65-f0b49f6bfd42,Rose Dragon Bag Charm,ONE SIZE,28.0,In Stock,2024/01/06 07:37:39,5,9
300885e6-8a9b-4644-9c81-8468eafe3756,Snow Dragon Bag Charm,ONE SIZE,28.0,In Stock,2024/01/06 07:37:41,5,9
b5c9cea2-3311-40f0-9bd4-0eb085a2059c,Aimee Sheep,ONE SIZE,40.0,In Stock,2024/01/06 07:37:43,8,9
0c2e4db1-6860-4def-b9c1-8a60ee526aa7,Bashful Red Love Heart Bunny,MEDIUM,32.0,In Stock,2024/01/06 07:37:44,12,5
0c2e4db1-6860-4def-b9c1-8a60ee526aa7,Bashful Red Love Heart Bunny,SMALL,25.0,In Stock,2024/01/06 07:37:44,7,4
2168f104-034d-41c8-9b05-576ac09c7083,Fabian Frog Prince,ONE SIZE,40.0,In Stock,2024/01/06 07:37:46,9,8
73b7c52c-d978-4c9d-b11b-412ca01dd07a,Loulou Love Bug,ONE SIZE,20.0,In Stock,2024/01/06 07:37:47,2,5
eaf67a77-a8cb-4906-8b47-55e50dbc35a8,Amore Bunny,MEDIUM,40.0,In Stock,2024/01/06 07:37:49,10,7
9a8624cc-eb3d-4b2c-a07f-7793d6efdee2,Bibbly Bobbly Sheep,ONE SIZE,55.0,In Stock,2024/01/06 07:37:50,14,9
0bf15293-a86f-4d1a-9e52-9cee2182ca52,Brynlee Bee,ONE SIZE,28.0,In Stock,2024/01/06 07:37:52,5,6
cd82cd16-ae64-43a1-8d13-f91ace7beb09,Bartholomew Bear Bathrobe,MEDIUM,45.0,In Stock,2024/01/06 07:37:54,10,5
59e2d8d8-8985-4693-b3f6-1ee76731204d,Bashful Duckling,MEDIUM,28.0,In Stock,2024/01/06 07:37:56,12,5
3721bd1a-1d5a-48ef-bc85-1e7e66da0b60,Bashful Moss Bunny,MEDIUM,28.0,In Stock,2024/01/06 07:37:58,12,5
3721bd1a-1d5a-48ef-bc85-1e7e66da0b60,Bashful Moss Bunny,SMALL,18.0,In Stock,2024/01/06 07:37:58,7,4
4a940509-32c3-4ece-8344-a47b62f8c20b,Bashful Viola Bunny,MEDIUM,28.0,In Stock,2024/01/06 07:38:00,12,5
4a940509-32c3-4ece-8344-a47b62f8c20b,Bashful Viola Bunny,SMALL,18.0,In Stock,2024/01/06 07:38:00,7,4
b46b8666-d5cc-467f-baf7-ddf047daff53,Bashful Bunny with Carrot,SMALL,28.0,In Stock,2024/01/06 07:38:01,7,4
434924a6-e5e4-44c5-864a-9d99fba68dc8,Bashful Bunny with Daffodil,SMALL,28.0,In Stock,2024/01/06 07:38:03,7,4
753eadc0-eb1d-4308-bf02-f2390d9fb265,Lottie Fairy Bunny Book,ONE SIZE,15.0,In Stock,2024/01/06 07:38:05,7,7
c2d34509-95f6-484e-8879-ae2a30dd1aaf,Blossom Cherry Bunny,MEDIUM,28.0,In Stock,2024/01/06 07:38:07,12,5
c2d34509-95f6-484e-8879-ae2a30dd1aaf,Blossom Cherry Bunny,SMALL,18.0,In Stock,2024/01/06 07:38:07,7,4
910e92c7-c5de-4763-90bf-4336cb1653e6,Dainty Dessert Bunny Macaron,ONE SIZE,28.0,In Stock,2024/01/06 07:38:09,5,5
7eee9901-01e7-4574-b87a-70ae464355f3,Lottie Bunny Fairy,ONE SIZE,32.5,In Stock,2024/01/06 07:38:12,11,3
f22832d0-08f2-4e2b-aa66-f042ab726d92,Messenger Bunny,ONE SIZE,32.5,In Stock,2024/01/06 07:38:14,7,5
ae82ef02-4bb2-4961-949b-171a0bd405dd,Amore Corgi,MEDIUM,40.0,In Stock,2024/01/06 07:38:16,10,7
d5508c27-8573-4814-b317-9431087fb031,Bartholomew Bear Pumpkin,LARGE,50.0,In Stock,2024/01/06 07:38:18,14,8
99308523-0f1d-4c80-8a3c-5cc7d9d66ac3,Bashful Pegasus,MEDIUM,28.0,In Stock,2024/01/06 07:38:21,12,5
84f77c2b-bd01-417f-bfd2-6d866bf59ec6,If I Were an Owl Board Book,ONE SIZE,13.5,In Stock,2024/01/06 07:38:23,6,6
c5c36c51-8c79-4778-9073-ed1de85c93d7,Betty Corgi Bag Charm,ONE SIZE,23.0,In Stock,2024/01/06 07:38:25,4,2
5f3fc477-fea4-4a52-9cb2-4e0404525169,Rory Le Courageux Petit Lion Livre (The Very Brave Lion),ONE SIZE,15.0,In Stock,2024/01/06 07:38:27,9,9
7c5413e5-49ef-40cc-91c7-28f800f92599,Lapin Timide Et Ses Petites Aventures Livre (Little Me),ONE SIZE,15.0,In Stock,2024/01/06 07:38:29,8,8
e12d0ee6-6b82-4610-a00c-3940578ffff9,Lapin Timide Veille Sur Tes Nuits Livre (The Magic Bunny),ONE SIZE,15.0,In Stock,2024/01/06 07:38:30,7,7
34e34382-26fd-4151-aeb3-c079a34d549d,Lapin Timide Veut Grandir Livre (When I Am Big),ONE SIZE,15.0,In Stock,2024/01/06 07:38:32,8,8
bb4a4ee7-a1a4-4747-98fa-495e2460b929,Bodacious Beak Parrot,ONE SIZE,30.0,In Stock,2024/01/06 07:38:34,9,4
8ee63e87-9b7a-497b-af34-acf01043f567,Bodacious Beak Toucan,ONE SIZE,30.0,In Stock,2024/01/06 07:38:35,9,4
f8e01b57-c135-42e4-82b9-8f7692bbe5f7,Bryno Dino,ONE SIZE,55.0,In Stock,2024/01/06 07:38:37,12,6
210b6444-b730-45ec-a561-b9271585a517,Coquette Cutie Bunny,ONE SIZE,32.5,In Stock,2024/01/06 07:38:39,10,2
683f254f-a4c1-44d5-a794-23a44cb86df6,Comfy Coat Bunny,ONE SIZE,25.0,In Stock,2024/01/06 07:38:41,7,3
1c0ef5b1-3c54-4da2-b276-e9b2e244493a,Comfy Coat Mouse,ONE SIZE,25.0,In Stock,2024/01/06 07:38:43,7,3
e133970a-8b46-483a-8a83-a00c74b09d06,Cuddlebud Bernard Bunny,ONE SIZE,28.0,In Stock,2024/01/06 07:38:45,6,4
914c6675-a17e-4028-a448-c095368c2c1b,Cuddlebud Darcy Dormouse,ONE SIZE,28.0,In Stock,2024/01/06 07:38:47,6,4
8ffea2a5-4659-4b0d-afe9-5eb685b9041b,Cuddlebud Morgan Mole,ONE SIZE,28.0,In Stock,2024/01/06 07:38:48,6,4
96dbdb1b-7b49-48cd-b729-52e5ff5906de,Spooky Greta Gremlin,ONE SIZE,40.0,In Stock,2024/01/06 07:38:50,11,4
382d2475-a2c0-42af-acb7-3dfef40599ee,Harvey Bear,ONE SIZE,150.0,In Stock,2024/01/06 07:38:52,11,25
6d656357-6e46-414a-857c-5baefcceac03,Huddles Grey Elephant,ONE SIZE,45.0,In Stock,2024/01/06 07:38:53,10,6
2db9faa0-6985-478a-8ca2-685f9d58858d,Isadora Unicorn,ONE SIZE,65.0,In Stock,2024/01/06 07:38:55,13,13
8ec9cec1-4870-4161-bfe5-64b0555d2e9e,Little Dragon,ONE SIZE,22.0,In Stock,2024/01/06 07:38:57,7,4
eac98cf8-7d9a-437a-86e5-87588d635d56,Lois Lionfish,ONE SIZE,35.0,In Stock,2024/01/06 07:38:58,6,10
fb3c660c-2141-4e14-acb6-0ca9d5e3b2ca,Napping Nipper Westie,ONE SIZE,25.0,In Stock,2024/01/06 07:39:00,4,6
b2d1046b-cfbc-42f9-b699-3bb4a56f291f,Otto Sausage Dog Bag Charm,ONE SIZE,23.0,In Stock,2024/01/06 07:39:01,4,2
db810183-4276-48c4-a2f6-3b6f62f91a8b,Ricky Rain Frog Bag,ONE SIZE,40.0,In Stock,2024/01/06 07:39:03,7,7
2b90e0f5-36d4-46ef-a6b6-e5c5180e3b54,Stellan Sabre Tooth Tiger,ONE SIZE,75.0,In Stock,2024/01/06 07:39:04,19,7
718eb755-0276-44d1-a17a-49cac0e21621,Sweater French Bulldog Purple,ONE SIZE,32.5,In Stock,2024/01/06 07:39:06,7,7
9d04d237-da47-4bc1-9fbc-7e724e2b89c7,Bashful Snow Tiger Soother,ONE SIZE,25.0,In Stock,2024/01/06 07:39:08,13,13
5f913623-eed2-40c6-a728-037e51db1777,Spindleshanks Spider,SMALL,27.5,In Stock,2024/01/06 07:39:10,3,14
1a11df6a-813d-4c40-9ede-440360271504,Stanley Stick Insect,ONE SIZE,28.0,In Stock,2024/01/06 07:39:11,3,11
08dc2175-b5f6-4517-b8a1-ddd1f994fd7f,Timmy Turtle,ONE SIZE,40.0,In Stock,2024/01/06 07:39:13,11,8
58f320f9-d789-4738-b15b-994a5e618b9b,Viggo Mammoth,ONE SIZE,75.0,In Stock,2024/01/06 07:39:14,19,7
48ffe42e-8dff-422f-9ccf-b48e75716c41,Maya Octopus,REALLY BIG,130.0,In Stock,2024/01/06 07:39:19,30,12
48ffe42e-8dff-422f-9ccf-b48e75716c41,Maya Octopus,LARGE,53.0,In Stock,2024/01/06 07:39:19,19,7
48ffe42e-8dff-422f-9ccf-b48e75716c41,Maya Octopus,LITTLE,30.0,Returning to stock 3-4 weeks,2024/01/06 07:39:19,9,4
48ffe42e-8dff-422f-9ccf-b48e75716c41,Maya Octopus,TINY,18.0,Returning to stock 3-4 weeks,2024/01/06 07:39:19,6,3
3b90f16f-9ee4-4900-8f5b-c3b743ad2508,Albert Jack Russell,ONE SIZE,30.0,In Stock,2024/01/06 07:39:21,7,6
26bcd210-f688-42da-9b8b-4f2787865daa,Birdling Hummingbird,ONE SIZE,17.0,In Stock,2024/01/06 07:39:22,4,2
00ba3187-2b7b-49f1-bc5f-b974eada9035,Bartholomew Bear Bedtime,MEDIUM,30.0,In Stock,2024/01/06 07:39:24,10,5
c439c061-cb38-4e23-9fe9-df2fb318b476,Bashful Christmas Bunny,MEDIUM,27.5,In Stock,2024/01/06 07:39:25,12,5
262c66da-03dc-4f91-b01f-f6e89bf5197b,Bashful Luxe Bunny Luna,HUGE,85.0,In Stock,2024/01/06 07:39:27,20,8
262c66da-03dc-4f91-b01f-f6e89bf5197b,Bashful Luxe Bunny Luna,MEDIUM,35.0,In Stock,2024/01/06 07:39:27,12,5
ee929765-e68b-42ab-8626-43bc74f28a3e,Bashful Christmas Bunny Decoration,TINY,15.0,In Stock,2024/01/06 07:39:29,5,2
faa2f461-c91f-49c8-88c9-f7002e76eba2,Merry Mouse Book,ONE SIZE,15.0,In Stock,2024/01/06 07:39:31,7,7
0ca28ac7-5fc4-4f1b-9e90-40a8b85de65b,Otto’s Snowy Christmas Book,ONE SIZE,15.0,In Stock,2024/01/06 07:39:32,7,9
d46cf38c-4c0b-4fb8-aa97-474d5a151727,The Playful Polar Bears Book,ONE SIZE,15.0,In Stock,2024/01/06 07:39:34,8,8
d9352281-f3c1-4afd-b866-17511638dc3f,Mitzi Reindeer’s Dream Book,ONE SIZE,15.0,In Stock,2024/01/06 07:39:35,8,8
0c23096d-1479-4d14-8e60-3f9c13fbaa96,Festive Folly Penguin,ONE SIZE,12.5,In Stock,2024/01/06 07:39:37,4,2
6f1d9e40-c385-4178-a44d-2e57e8a4336d,Sofia Reindeer,ONE SIZE,60.0,In Stock,2024/01/06 07:39:38,17,5
9982f6c8-d77e-4487-90c8-33678407b04d,Christmas Grizzo,ONE SIZE,37.5,In Stock,2024/01/06 07:39:40,11,4
45960091-0e55-4aba-b850-6b4b20eda5e2,Maurice Macaroni Penguin,ONE SIZE,32.5,In Stock,2024/01/06 07:39:42,8,5
ca3c7895-6c30-4594-b294-19a077e9b617,Merry Mouse,ONE SIZE,27.5,In Stock,2024/01/06 07:39:43,7,4
7054f968-6577-4fbb-97c4-8ecb3afe268f,Merry Mouse Present,ONE SIZE,27.5,In Stock,2024/01/06 07:39:45,7,4
565a523a-62fb-4e55-a825-45becafbd657,Merry Mouse Skiing,ONE SIZE,37.5,In Stock,2024/01/06 07:39:46,8,5
0fb507cf-5589-4d39-9a57-72a680197226,Winter Warmer Otto Sausage Dog,ONE SIZE,32.5,In Stock,2024/01/06 07:39:48,6,3
85e56a4a-62f9-4368-ad53-68589933d794,Personalised Bashful Luxe Bunny Luna Huge,HUGE,91.0,In Stock,2024/01/06 07:39:50,20,8
63303920-3f21-4a24-8a9b-05c3ee4d4af4,Personalised Bashful Luxe Bunny Luna Medium,MEDIUM,41.0,In Stock,2024/01/06 07:39:52,12,5
a7bcbce1-d865-470a-99ba-07bda7dc05ff,Winter Warmer Pippa Black Labrador,ONE SIZE,32.5,In Stock,2024/01/06 07:39:53,9,3
8f93a185-5d9c-45bd-bb16-b899468adf33,Santa Ricky Rain Frog,ONE SIZE,35.0,In Stock,2024/01/06 07:39:55,6,5
89c14224-49af-450e-a80e-c04b24b2642a,Otto's Snowy Christmas Book & Winter Warmer Otto Sausage Dog,ONE SIZE,47.5,In Stock,2024/01/06 07:39:56,,
e76e90e8-20f5-41a8-85cc-9f3cd0713401,Amuseabean Bunny,ONE SIZE,20.0,In Stock,2024/01/06 07:39:58,4,4
25dd03c9-9796-4347-a47c-ca23bb729828,Amuseabean Highland Cow,ONE SIZE,20.0,In Stock,2024/01/06 07:40:00,4,4
a399e70f-fb46-4761-a4af-26973a2cea87,Amuseabean Ram,ONE SIZE,20.0,In Stock,2024/01/06 07:40:01,4,4
f4304deb-6c7d-4034-b6ac-893044461810,Bashful Luxe Bunny Rosa,HUGE,85.0,More on the way,2024/01/06 07:40:03,20,8
f4304deb-6c7d-4034-b6ac-893044461810,Bashful Luxe Bunny Rosa,MEDIUM,35.0,In Stock,2024/01/06 07:40:03,12,5
5b094492-ca8a-468a-b0b6-2c13c1343840,Bashful Sloth,MEDIUM,28.0,In Stock,2024/01/06 07:40:05,11,5
b8728fad-8322-479d-b8cd-78c9d50c8785,Bashful Luxe Bunny Willow,HUGE,85.0,In Stock,2024/01/06 07:40:07,20,8
b8728fad-8322-479d-b8cd-78c9d50c8785,Bashful Luxe Bunny Willow,MEDIUM,35.0,In Stock,2024/01/06 07:40:07,12,5
2216bebc-8e2e-4cbb-9c99-9517d2ca41de,Birdling Goldfinch,ONE SIZE,17.0,In Stock,2024/01/06 07:40:09,4,3
92d63736-3354-4b63-90d5-e672fb775c10,Birdling Swallow,ONE SIZE,17.0,In Stock,2024/01/06 07:40:10,4,3
8070bc18-b7fa-4f3a-baa9-fec8eb3e2105,Blowzy Belle Sheep,ONE SIZE,37.5,In Stock,2024/01/06 07:40:12,16,4
1eb972b8-d5b5-4237-b9b8-4b690d853f7b,Fou Fou Ostrich,ONE SIZE,28.5,In Stock,2024/01/06 07:40:13,8,6
1372bf0f-ed69-46aa-a583-98df6afe34c8,Fou Fou Peacock,ONE SIZE,28.5,In Stock,2024/01/06 07:40:15,8,6
6cd04549-6139-4527-967c-24416b951c87,Fuzzkin Monkey,ONE SIZE,25.0,In Stock,2024/01/06 07:40:17,9,4
a3f3fb22-bb3b-4c52-9ae9-5ce055f94777,Ginny Goat,ONE SIZE,35.0,In Stock,2024/01/06 07:40:18,10,6
94faa8fd-981f-41b5-aa8c-6df048d9d9e1,Gracie Grouper Fish,ONE SIZE,30.0,In Stock,2024/01/06 07:40:31,4,10
24986286-7a8e-48ea-b102-203521ab7a9d,Hector Fox Terrier,ONE SIZE,35.0,In Stock,2024/01/06 07:40:32,9,4
5dd15bac-4ce2-4b2c-aa1b-e607f59e5c36,Jinx Monster,ONE SIZE,35.0,In Stock,2024/01/06 07:40:34,17,6
b058a2df-32af-4dd5-a61e-152b16f8a01a,Jollipop Cat,ONE SIZE,23.5,In Stock,2024/01/06 07:40:35,8,4
399633a8-d34a-4efb-8a3d-8459e487e3f3,Jollipop Puppy,ONE SIZE,23.5,In Stock,2024/01/06 07:40:37,8,4
b22d04de-54bc-4bb7-bbf0-665f5179d6b1,Bashful Sloth with Personalised Red Jumper,MEDIUM,38.0,In Stock,2024/01/06 07:40:39,11,5
6bd76f98-0ce6-4168-95e3-ced912ad1a54,Lavender Dragon,HUGE,120.0,In Stock,2024/01/06 07:40:41,7,26
6bd76f98-0ce6-4168-95e3-ced912ad1a54,Lavender Dragon,MEDIUM,65.0,In Stock,2024/01/06 07:40:41,5,20
6bd76f98-0ce6-4168-95e3-ced912ad1a54,Lavender Dragon,LITTLE,32.5,In Stock,2024/01/06 07:40:41,3,12
7a723930-3c44-4da4-80d6-8741dc5b3a44,Lila Ballerina Bunny,ONE SIZE,35.0,In Stock,2024/01/06 07:40:43,13,2
0fb7d4e1-53f6-47e3-9a8f-8c6721f4d130,Madison Monkey,ONE SIZE,32.5,In Stock,2024/01/06 07:40:44,13,2
639083d7-7cfe-4263-a8ae-db132065317f,Ollivander the Orca,ONE SIZE,70.0,In Stock,2024/01/06 07:40:46,9,25
6ede4a96-4ea3-4e4b-bb74-f144f69864ce,Oswald Orangutan,ONE SIZE,65.0,In Stock,2024/01/06 07:40:47,13,12
486693f0-f871-4e9a-adc8-34996b0f27ae,Personalised Bashful Luxe Bunny Willow Huge,HUGE,91.0,In Stock,2024/01/06 07:40:49,20,8
0a6db866-4fab-4eba-917d-183c01cfafdc,Personalised Bashful Luxe Bunny Rosa Medium,MEDIUM,41.0,In Stock,2024/01/06 07:40:51,12,5
8aad98bd-e1ee-4c97-8eb9-6dc41b6c031f,Personalised Bashful Luxe Bunny Willow Medium,MEDIUM,41.0,In Stock,2024/01/06 07:40:52,12,5
382f457c-412f-4f87-9675-53f2a41ff631,Personalised Lavender Dragon Huge,HUGE,126.0,In Stock,2024/01/06 07:40:54,7,26
be9685ca-9133-4d9c-9b5d-b84f1fa34b06,Pippa Black Labrador,ONE SIZE,33.0,In Stock,2024/01/06 07:40:56,9,4
ff38b068-4f71-4bcc-9d19-0e84729b4026,Quaxy Elephant,ONE SIZE,35.0,In Stock,2024/01/06 07:40:57,10,6
3c6b89f1-b008-43df-a3f2-451885559fa5,Quaxy Pig,ONE SIZE,35.0,In Stock,2024/01/06 07:40:59,10,6
c3fe129f-5ef9-4e07-be86-947f22eea330,Ramonda Ostrich,ONE SIZE,40.0,In Stock,2024/01/06 07:41:00,22,6
713b83f0-3792-441f-86df-20e453ab505e,Rock-a-Bye Kitten,ONE SIZE,30.0,In Stock,2024/01/06 07:41:02,7,4
e15bcf89-ee2a-42d5-865c-f699f684ad73,Sweetsicle Bunny,ONE SIZE,20.0,In Stock,2024/01/06 07:41:03,6,3
41041e74-55f4-49c1-9d5e-d78f1e655a37,Syd Salamander,ONE SIZE,27.5,In Stock,2024/01/06 07:41:05,10,4
9001d562-27ba-49db-b8e5-7363c7e19d41,Bashful Hot Pink Bunny,MEDIUM,28.0,In Stock,2024/01/06 07:41:07,12,5
9001d562-27ba-49db-b8e5-7363c7e19d41,Bashful Hot Pink Bunny,SMALL,18.0,In Stock,2024/01/06 07:41:07,7,4
0f6baf12-bd53-4811-bede-899ffa359f78,Bashful Sunshine Bunny,MEDIUM,28.0,In Stock,2024/01/06 07:41:09,12,5
0f6baf12-bd53-4811-bede-899ffa359f78,Bashful Sunshine Bunny,SMALL,18.0,In Stock,2024/01/06 07:41:09,7,4
4b7d2e49-0168-4dfb-9ce9-29b8e59d02d1,Goodnight Bunny Book,ONE SIZE,15.0,In Stock,2024/01/06 07:41:11,7,7
456124c4-ac6b-4326-b48e-15515fdc5d75,Bluebell Butterfly,ONE SIZE,33.0,In Stock,2024/01/06 07:41:12,8,13
e1157995-1524-4ce9-81ad-b941e7339754,Bonnie Bunny with Egg,ONE SIZE,23.5,In Stock,2024/01/06 07:41:14,6,3
6abc1833-bc68-446c-bd40-9f1e4a2af383,Burly Boo Sheep,ONE SIZE,25.0,In Stock,2024/01/06 07:41:15,7,5
c707a135-6045-4c9a-a701-edb35c0dafff,Cluny Cockerel,ONE SIZE,35.0,In Stock,2024/01/06 07:41:17,9,5
3bfc7323-4c96-49ac-a139-f05ee0d28f84,Escarfgot Purple,ONE SIZE,20.0,In Stock,2024/01/06 07:41:18,6,3
1c433861-b8c7-44ad-a5df-28c58f96512e,Escarfgot Pink,ONE SIZE,20.0,In Stock,2024/01/06 07:41:20,5,2
048c0ab6-7040-492d-bc9d-a35942104e02,Bashful Hot Pink Bunny with Personalised Cream Jumper,MEDIUM,38.0,In Stock,2024/01/06 07:41:22,12,5
482be995-09ec-4f04-bf28-fe737e4bb54f,Bashful Sunshine Bunny with Personalised Cream Jumper,MEDIUM,38.0,In Stock,2024/01/06 07:41:23,12,5
bf515dc8-ef38-4110-9572-82caba6e955b,Bashful Hot Pink Bunny with Personalised Navy Jumper,MEDIUM,38.0,In Stock,2024/01/06 07:41:25,12,5
cafe895f-a544-4872-8074-ac0f9292a3c3,Bashful Sunshine Bunny with Personalised Navy Jumper,MEDIUM,38.0,In Stock,2024/01/06 07:41:27,12,5
b773aa8c-6091-4805-827e-d255c7fb4a0b,Bashful Sunshine Bunny with Personalised Red Jumper,MEDIUM,38.0,In Stock,2024/01/06 07:41:29,12,5
b143372b-dfa0-4613-9d72-6d31b3d82e9f,Layla Ladybird,ONE SIZE,25.0,In Stock,2024/01/06 07:41:30,3,6
836cb6ca-18f7-4b13-99ff-8abab458ea87,Nesting Bunnies,ONE SIZE,35.0,In Stock,2024/01/06 07:41:32,4,6
8514a788-0f03-4530-a08f-e44e4abf9e3f,Personalised Bashful Hot Pink Bunny Medium,MEDIUM,34.0,In Stock,2024/01/06 07:41:33,12,5
16901bc0-5eb5-4329-93d4-61d58a8d52e6,Personalised Bashful Sunshine Bunny Medium,MEDIUM,34.0,In Stock,2024/01/06 07:41:35,12,5
6e887911-9a27-45b6-903b-4892b6d8e092,Blossom Heart Blush Bunny,ONE SIZE,17.5,In Stock,2024/01/06 07:41:37,6,3
638595e3-a934-4c75-8e8e-5e9351cdd673,Blossom Heart Tulip Bunny,ONE SIZE,17.5,In Stock,2024/01/06 07:41:38,6,3
73c2c2f3-4158-4b10-bb78-6035d42fd531,Crowning Croaker Green Frog,ONE SIZE,17.5,In Stock,2024/01/06 07:41:40,5,3
309dd404-30b0-4d63-9c10-e0dcafda272d,Love-Me Lobster,ONE SIZE,24.0,In Stock,2024/01/06 07:41:42,6,3
a77bcffd-2272-4271-9757-73efa009ed5d,Ambrosie Fox,ONE SIZE,35.0,In Stock,2024/01/06 07:41:43,9,5
128a7d75-51a6-489a-8271-a27fd4d8ab06,Ambrosie Hare,ONE SIZE,35.0,In Stock,2024/01/06 07:41:44,9,4
bb60f59b-92ba-4c48-b86e-905dfeabf065,Anoraknid Black Spider,ONE SIZE,20.0,In Stock,2024/01/06 07:41:46,5,4
ea113076-799d-4f52-91c9-a01d3467c1a6,Andie Axolotl,MEDIUM,32.5,In Stock,2024/01/06 07:41:48,11,5
ea113076-799d-4f52-91c9-a01d3467c1a6,Andie Axolotl,SMALL,22.0,Out of stock,2024/01/06 07:41:48,7,2
83c0b3b9-6b30-47a5-b2c6-b7ca7cec7611,Bashful Golden Bunny,MEDIUM,28.0,In Stock,2024/01/06 07:41:51,12,5
83c0b3b9-6b30-47a5-b2c6-b7ca7cec7611,Bashful Golden Bunny,SMALL,18.0,In Stock,2024/01/06 07:41:51,7,4
a2fbe7ae-2882-49bf-9b93-bdf0ea2007ff,Bashful Mineral Blue Bunny,MEDIUM,28.0,In Stock,2024/01/06 07:41:54,12,5
a2fbe7ae-2882-49bf-9b93-bdf0ea2007ff,Bashful Mineral Blue Bunny,SMALL,18.0,Out of stock,2024/01/06 07:41:54,7,4
28ac59b4-86dc-4421-af7f-d2c2beb10ba6,Bashful Wolf,MEDIUM,28.0,In Stock,2024/01/06 07:41:55,12,5
8155da60-a5c8-419b-bcc5-6d85e0dea2a0,Wrapabat Black,ONE SIZE,20.0,In Stock,2024/01/06 07:41:57,6,2
d07ee782-e659-4634-9c1a-86f657195cc7,Beatnik Buddy Poodle,ONE SIZE,28.0,In Stock,2024/01/06 07:41:59,11,3
31290e4a-39c5-4b91-ba59-597afc4f10cf,Beatnik Buddy Sausage Dog,ONE SIZE,28.0,In Stock,2024/01/06 07:42:00,11,3
0e11b80c-af78-4a5d-8f2e-775cc099a989,Daddy Loves Me Book,ONE SIZE,20.0,In Stock,2024/01/06 07:42:02,6,6
ea1a48b2-f803-432c-8951-2694c00e25aa,Mummy Loves Me Book,ONE SIZE,20.0,In Stock,2024/01/06 07:42:03,6,6
45abf07d-0cad-40be-8c79-bad93ddeba63,Backpack Wolf,ONE SIZE,30.0,In Stock,2024/01/06 07:42:05,9,4
eb614759-38f0-4a54-aba8-02d2e510ca51,Big Spottie Unicorn,ONE SIZE,75.0,In Stock,2024/01/06 07:42:06,17,6
cedc155f-9ad4-460d-ae99-325e587b17ad,Cozy Crew Seahorse,ONE SIZE,25.0,In Stock,2024/01/06 07:42:08,7,2
b72ce075-6327-4e28-bb73-55e308cf5dd1,Davey Dilophosaurus,ONE SIZE,32.5,In Stock,2024/01/06 07:42:10,11,5
2a406948-d517-479a-9bd3-ee8e8901bee9,Delano Dorado Fish,ONE SIZE,27.5,In Stock,2024/01/06 07:42:11,5,10
21a88751-c0e5-446c-8815-bfc8b4413dd0,Evelyn Swan,ONE SIZE,40.0,In Stock,2024/01/06 07:42:13,19,6
ad66930d-35e7-4a40-b8ba-f70b9b688260,Fishiful Blue,ONE SIZE,17.5,In Stock,2024/01/06 07:42:14,5,6
206ae731-5848-4daa-87f2-4d3d09ec7e45,Fishiful Orange,ONE SIZE,17.5,In Stock,2024/01/06 07:42:16,5,6
c1b84cba-4261-4e80-b156-bac8833b881f,Fishiful Pink,ONE SIZE,17.5,In Stock,2024/01/06 07:42:17,5,6
a9dd22f4-7826-425f-8f31-bdce0f0a7c3c,Forest Fauna Bear,ONE SIZE,32.5,In Stock,2024/01/06 07:42:19,7,6
ead07c1e-b9ea-4abb-bade-c42cac4d55fc,Forest Fauna Frog,ONE SIZE,32.5,In Stock,2024/01/06 07:42:21,8,4
1f2b25fc-2a05-4a71-8d55-40e53caeb579,Forest Fauna Owl,ONE SIZE,32.5,In Stock,2024/01/06 07:42:22,7,4
200648b0-ff64-46ad-8045-c216a64ea218,Freddie Sausage Dog,LARGE,30.0,Out of stock,2024/01/06 07:42:24,7,7
200648b0-ff64-46ad-8045-c216a64ea218,Freddie Sausage Dog,SMALL,22.0,In Stock,2024/01/06 07:42:24,5,7
031c4535-5d1d-4aed-aceb-99ab9522d645,Glamorama Cat,ONE SIZE,40.0,In Stock,2024/01/06 07:42:26,16,4
3b6b014f-d923-425f-ad8f-8ef8d561f899,Glamorama Pig,ONE SIZE,40.0,In Stock,2024/01/06 07:42:27,11,6
dc13d271-f007-42b7-a04a-35aad0ccec00,Grizzo Gremlin,ONE SIZE,35.0,In Stock,2024/01/06 07:42:29,11,4
5bbc27c6-8337-4029-bd52-6f69dd935d1d,Hamish Hedgehog,ONE SIZE,75.0,In Stock,2024/01/06 07:42:31,8,16
7309ed0e-8ac8-4bf1-a0ee-752519222088,Humphrey the Humpback Whale,ONE SIZE,85.0,In Stock,2024/01/06 07:42:32,8,20
3ff5fa7b-e320-47b1-9a0b-074bd7122960,Bashful Golden Bunny with Personalised Cream Jumper,MEDIUM,38.0,In Stock,2024/01/06 07:42:34,12,5
29a67cc8-4915-401f-b76b-0e2aae7c0fb8,Bashful Mineral Blue Bunny with Personalised Cream Jumper,MEDIUM,38.0,In Stock,2024/01/06 07:42:36,12,5
82100a42-c152-4d16-9605-4ef9a5acdd61,Bashful Golden Bunny with Personalised Navy Jumper,MEDIUM,38.0,In Stock,2024/01/06 07:42:38,12,5
337812d8-9e1b-48c3-8ecf-d10c4a1685fc,Bashful Mineral Blue Bunny with Personalised Navy Jumper,MEDIUM,38.0,In Stock,2024/01/06 07:42:40,12,5
d92789f3-01ed-4b3a-a875-245f451a9d63,Bashful Golden Bunny with Personalised Red Jumper,MEDIUM,38.0,In Stock,2024/01/06 07:42:41,12,5
fe57a925-20ac-4428-b441-73db7e259d13,Bashful Mineral Blue Bunny with Personalised Red Jumper,MEDIUM,38.0,In Stock,2024/01/06 07:42:43,12,5
a49a3576-9be5-405d-8a7c-c98bf2260fa4,Bashful Wolf with Personalised Red Jumper,MEDIUM,38.0,In Stock,2024/01/06 07:42:45,12,5
246bac0c-cdbc-48b9-847f-220b1fca6fda,Little Tiger,ONE SIZE,22.0,In Stock,2024/01/06 07:42:47,7,4
9692f2ca-7734-4d4d-9ce3-5a82f1264d0e,Letty Jellyfish,ONE SIZE,39.5,In Stock,2024/01/06 07:42:48,23,6
1b3dbee2-1f56-44bb-963d-26e373c0e9f9,Napping Nipper Dog,ONE SIZE,25.0,In Stock,2024/01/06 07:42:50,4,6
a789430a-601b-4b92-b6c5-69f7f7a211c8,Nippit Beaver,ONE SIZE,15.0,In Stock,2024/01/06 07:42:52,5,3
cce3481a-0b15-46a3-ae65-e3d8cd7c2ea5,Nippit Owl,ONE SIZE,15.0,In Stock,2024/01/06 07:42:53,5,3
cd1d9aff-52e2-453b-868a-d56484ca0905,Oakley Owl,ONE SIZE,32.5,In Stock,2024/01/06 07:42:55,9,5
fba874da-3f2f-4edd-8e79-971102e58f4d,Oberon Owl,ONE SIZE,30.0,In Stock,2024/01/06 07:42:56,10,5
abcc5444-d09d-45b8-8fea-4c56ef4b1ba3,Pongo Orangutan,HUGE,65.0,In Stock,2024/01/06 07:42:58,23,7
b43afef6-1db3-4bdd-afdb-0e45a7a7675b,Personalised Bashful Golden Bunny Medium,MEDIUM,34.0,In Stock,2024/01/06 07:42:59,12,5
8dcee507-35a3-4f9c-886c-cdc98454e44f,Personalised Bashful Mineral Blue Bunny Medium,MEDIUM,34.0,In Stock,2024/01/06 07:43:01,12,5
4773b1e8-7fec-42f5-b794-837fbf14fc4c,Pip Monster,SMALL,22.5,In Stock,2024/01/06 07:43:03,9,4
436c5f75-a7d0-4d83-ae8a-e797cdc7e9dd,Rock-a-Bye Mouse,ONE SIZE,30.0,In Stock,2024/01/06 07:43:05,7,4
67904ac2-4bb5-4baa-a9f3-11426559def8,Sweater Sausage Dog Pink,ONE SIZE,32.5,In Stock,2024/01/06 07:43:06,6,3
3cc5f093-62ee-4e33-ba0d-7883475febc6,Sweater Sausage Dog Yellow,ONE SIZE,32.5,In Stock,2024/01/06 07:43:08,6,3
a844110c-3741-4259-95fd-a8e9f59202ad,Seraphina Pegasus,ONE SIZE,68.5,In Stock,2024/01/06 07:43:09,9,20
12f7ffb4-4ffd-487d-ac54-485143445b63,Sigmund Seal,ONE SIZE,50.0,In Stock,2024/01/06 07:43:11,7,13
a96331ea-cef0-461f-98f2-d4a1a38c50d7,Snoozling Hedgehog,ONE SIZE,36.0,In Stock,2024/01/06 07:43:13,11,6
22f802e0-e863-460b-918b-54832a47b2b0,Spindleshanks Crab,ONE SIZE,33.0,In Stock,2024/01/06 07:43:14,3,15
729b71db-4600-4311-86da-a15b9cbf616f,Splootie Elephant,ONE SIZE,68.0,In Stock,2024/01/06 07:43:16,7,22
56c18a8a-ee46-4f44-97a6-494d3385a6be,Wee Owl,ONE SIZE,17.5,In Stock,2024/01/06 07:43:17,5,3
ce01f09b-5bbe-4a52-87b5-fc0e727ff292,Birdling Robin,ONE SIZE,17.0,In Stock,2024/01/06 07:43:19,4,3
ede4e9c4-5f43-4397-938b-ee2dcd27c60b,Shimmer Stocking Bunny,ONE SIZE,28.5,In Stock,2024/01/06 07:43:21,8,4
97ba0cb8-3e7b-4af7-8175-3e96e1db21ab,Ambalie Bear,ONE SIZE,30.0,In Stock,2024/01/06 07:43:22,9,6
a7c76fbd-6f29-43c1-b3fe-bbb27c733b7f,Ambalie Bunny,ONE SIZE,30.0,In Stock,2024/01/06 07:43:24,9,6
fd01d9c7-f348-4ad8-af0f-9839a1b112a5,Bashful Zebra,MEDIUM,28.0,In Stock,2024/01/06 07:43:25,12,5
d19f6693-b3ec-473a-9bc1-4df09ed66f16,If I Were An Owl Book,ONE SIZE,13.5,In Stock,2024/01/06 07:43:27,6,6
7853d960-7917-4d81-b103-da1f0ea1f3b0,Betty Corgi,HUGE,75.0,More on the way,2024/01/06 07:43:28,13,13
7853d960-7917-4d81-b103-da1f0ea1f3b0,Betty Corgi,MEDIUM,30.0,In Stock,2024/01/06 07:43:28,7,10
843912a0-a9da-48c0-8a3e-46061327c9b4,Big Spottie Giraffe,ONE SIZE,75.0,In Stock,2024/01/06 07:43:30,19,6
956d317f-9c04-4647-9ad8-ba28fccbfd45,Big Spottie T-Rex,ONE SIZE,75.0,In Stock,2024/01/06 07:43:31,18,6
79131b23-2f1e-4070-aa44-ce1941f495f4,Cruz Crested Newt,ONE SIZE,32.5,In Stock,2024/01/06 07:43:33,12,4
79c30b5b-6e9e-42dd-a175-06947b167e1d,Cooper Doodle Dog,ONE SIZE,33.0,In Stock,2024/01/06 07:43:35,9,8
f6c9e3b0-09aa-46a8-ae75-7c052cb9abb3,Happihoop Owl,ONE SIZE,32.0,In Stock,2024/01/06 07:43:36,8,4
7a945f72-1a8f-45e8-bf88-161a4c641aa1,Harper Pup,ONE SIZE,55.0,In Stock,2024/01/06 07:43:38,15,9
423707b2-22e7-4546-bc66-3fd839991531,Hibernating Bunny,ONE SIZE,22.0,In Stock,2024/01/06 07:43:39,5,5
32f8d7cb-9873-4b9a-bf74-3fcafa21909a,Higgledy Piggledy Old Spot,REALLY BIG,175.0,In Stock,2024/01/06 07:43:41,17,22
32f8d7cb-9873-4b9a-bf74-3fcafa21909a,Higgledy Piggledy Old Spot,HUGE,130.0,In Stock,2024/01/06 07:43:41,13,16
32f8d7cb-9873-4b9a-bf74-3fcafa21909a,Higgledy Piggledy Old Spot,SMALL,22.0,Returning to stock next week,2024/01/06 07:43:41,4,6
5710c715-49d8-4b64-b29a-b03f1aca5079,Huddles Bunny,ONE SIZE,45.0,In Stock,2024/01/06 07:43:43,9,6
7e6f4fb3-d7c2-4aa6-b4fa-df693cadfbe5,Huddles Duck,ONE SIZE,45.0,In Stock,2024/01/06 07:43:45,9,6
f68f3260-8e1d-4eb9-807d-7e792db66200,Jubjub Gookie,ONE SIZE,30.0,In Stock,2024/01/06 07:43:46,9,4
85b21cb3-17e2-42c8-83b4-ecb295c9430d,Mack Mudskipper,ONE SIZE,28.5,In Stock,2024/01/06 07:43:48,10,4
bbb5a438-b642-4d46-9e54-7de15f1dab61,Obbie Octopus,ONE SIZE,40.0,In Stock,2024/01/06 07:43:50,11,10
44ee6397-dffa-493d-9139-35de93d82171,Orson Horse,ONE SIZE,35.0,In Stock,2024/01/06 07:43:51,14,5
b8120b20-addd-4cad-a44d-418c3c2cbe2c,Peek-a-Boo Elly Activity Toy,ONE SIZE,32.0,In Stock,2024/01/06 07:43:53,6,5
7acdd345-1448-4173-83c3-3617290a4cb0,Penny Praying Mantis,ONE SIZE,32.5,In Stock,2024/01/06 07:43:54,9,8
cf8ee5b8-89e0-47bd-98f4-3981a9843996,Ribble Dog,ONE SIZE,30.0,In Stock,2024/01/06 07:43:56,14,4
fdf46d5c-73f8-4bc7-a86a-0fffd174115f,Ribble Elephant,ONE SIZE,30.0,In Stock,2024/01/06 07:43:58,15,4
f32ff593-caf0-4b1e-b2ac-f88593f3a96c,Ribble Giraffe,ONE SIZE,30.0,In Stock,2024/01/06 07:44:00,16,4
f5b466d4-40bf-4471-8f5e-62279360e62f,Rose Dragon,HUGE,120.0,In Stock,2024/01/06 07:44:03,7,26
f5b466d4-40bf-4471-8f5e-62279360e62f,Rose Dragon,MEDIUM,65.0,In Stock,2024/01/06 07:44:03,5,20
f5b466d4-40bf-4471-8f5e-62279360e62f,Rose Dragon,LITTLE,32.5,In Stock,2024/01/06 07:44:03,3,12
36da60ee-75ed-40f9-b4cd-efed5cd87c3b,Ricky Rain Frog,LARGE,60.0,In Stock,2024/01/06 07:44:06,10,12
36da60ee-75ed-40f9-b4cd-efed5cd87c3b,Ricky Rain Frog,MEDIUM,28.0,More on the way,2024/01/06 07:44:06,5,7
b01e74ed-2118-474f-97af-3f3e1fc4055a,Rufus Bear,LARGE,45.0,In Stock,2024/01/06 07:44:42,15,5
b01e74ed-2118-474f-97af-3f3e1fc4055a,Rufus Bear,MEDIUM,27.5,In Stock,2024/01/06 07:44:42,11,4
b2c69205-5266-4fc1-a97c-1f359c48860a,Snuggler Puppy,ONE SIZE,25.0,In Stock,2024/01/06 07:44:43,9,5
9d4e9dd7-97fd-499c-9506-50af5c7ab553,Taylor Tiger,LARGE,80.0,More on the way,2024/01/06 07:44:45,6,18
9d4e9dd7-97fd-499c-9506-50af5c7ab553,Taylor Tiger,LITTLE,35.0,In Stock,2024/01/06 07:44:45,3,11
43ced749-362a-4742-b081-46917d414efb,Willow Hedgehog,ONE SIZE,23.5,In Stock,2024/01/06 07:44:47,7,4
bfef4c0d-3d61-42b2-8482-aa13103aa167,Wriggidig Ant,ONE SIZE,23.5,In Stock,2024/01/06 07:44:48,5,6
a37ae327-06c6-42cd-bbef-19e26b468b16,Wriggidig Bug,ONE SIZE,23.5,In Stock,2024/01/06 07:44:50,7,2
899a1878-e771-4cca-9ddc-28cdc9ee09a9,Bashful Lilac Bunny,MEDIUM,28.0,In Stock,2024/01/06 07:44:52,12,5
899a1878-e771-4cca-9ddc-28cdc9ee09a9,Bashful Lilac Bunny,SMALL,18.0,Out of stock,2024/01/06 07:44:52,7,4
ebdf92c6-5475-4407-b944-f42da3d40404,Bashful Petal Bunny,MEDIUM,28.0,In Stock,2024/01/06 07:44:55,12,5
ebdf92c6-5475-4407-b944-f42da3d40404,Bashful Petal Bunny,SMALL,18.0,More on the way,2024/01/06 07:44:55,7,4
c1a620c8-1831-4818-8c74-b715f8a7d627,Bashful Fudge Bunny,MEDIUM,28.0,More on the way,2024/01/06 07:44:58,12,5
c1a620c8-1831-4818-8c74-b715f8a7d627,Bashful Fudge Bunny,SMALL,18.0,In Stock,2024/01/06 07:44:58,7,4
88bbd085-c450-45e4-afee-43f589ebc8bf,Who Can I Find Book,ONE SIZE,15.0,In Stock,2024/01/06 07:44:59,7,7
f65244ea-3d7d-40a9-a800-67c0893f15a2,Blossom Sage Bunny,MEDIUM,28.0,In Stock,2024/01/06 07:45:01,12,5
f65244ea-3d7d-40a9-a800-67c0893f15a2,Blossom Sage Bunny,SMALL,18.0,More on the way,2024/01/06 07:45:01,7,4
7c3504e4-8698-40a5-9ff5-4dfde84cff57,Blossom Jasmine Bunny,MEDIUM,28.0,In Stock,2024/01/06 07:45:03,12,5
7c3504e4-8698-40a5-9ff5-4dfde84cff57,Blossom Jasmine Bunny,SMALL,18.0,Returning to stock 2-3 months,2024/01/06 07:45:03,7,4
eb9dd695-3652-4b19-a8cf-e0434c8e1b90,Bashful Lilac Bunny with Personalised Cream Jumper,MEDIUM,38.0,In Stock,2024/01/06 07:45:05,12,5
9aa9516b-bf8a-4326-968e-e3e2b6870560,Bashful Petal Bunny with Personalised Cream Jumper,MEDIUM,38.0,In Stock,2024/01/06 07:45:07,12,5
b0116643-451a-489c-b62f-2f60194e3edd,Blossom Sage Bunny with Personalised Cream Jumper,MEDIUM,38.0,In Stock,2024/01/06 07:45:09,12,5
6603b9a2-1959-4680-ba5e-2fb1dbdb4536,Blossom Jasmine Bunny with Personalised Cream Jumper,MEDIUM,38.0,In Stock,2024/01/06 07:45:10,12,5
5e11d720-d901-42c1-9fe1-87fbcf7a5362,Bashful Lilac Bunny with Personalised Navy Jumper,MEDIUM,38.0,In Stock,2024/01/06 07:45:12,12,5
493dbb00-922d-44da-9d1c-bf0e72909d70,Bashful Petal Bunny with Personalised Navy Jumper,MEDIUM,38.0,In Stock,2024/01/06 07:45:14,12,5
49f4f8f6-d98c-46a3-abad-11feebf401e0,Blossom Sage Bunny with Personalised Navy Jumper,MEDIUM,38.0,In Stock,2024/01/06 07:45:15,12,5
714bb0b4-9f84-41f1-9306-f4eba6b6c6af,Blossom Jasmine Bunny with Personalised Navy Jumper,MEDIUM,38.0,In Stock,2024/01/06 07:45:17,12,5
44877ac1-dad7-4c6b-a913-5c783bed833d,Bashful Lilac Bunny with Personalised Red Jumper,MEDIUM,38.0,In Stock,2024/01/06 07:45:19,12,5
20dc5600-fe60-4d32-acee-9f1d853bc9a7,Bashful Petal Bunny with Personalised Red Jumper,MEDIUM,38.0,In Stock,2024/01/06 07:45:21,12,5
534c8abb-9070-481b-a444-87b4e9e46b6d,Blossom Sage Bunny with Personalised Red Jumper,MEDIUM,38.0,In Stock,2024/01/06 07:45:23,12,5
9277def6-22af-4810-ad05-8ff9a98840fc,Blossom Jasmine Bunny with Personalised Red Jumper,MEDIUM,38.0,In Stock,2024/01/06 07:45:26,12,5
063fbba8-a0e1-416f-8d32-28bba9211b70,Personalised Bashful Lilac Bunny Medium,MEDIUM,34.0,In Stock,2024/01/06 07:45:27,12,5
b7e6747b-0875-4079-976f-96fc4a5429ab,Personalised Bashful Petal Bunny Medium,MEDIUM,34.0,In Stock,2024/01/06 07:45:29,12,5
219dd025-21ef-494e-90a4-38244f27805b,Alice Axolotl,MEDIUM,32.5,In Stock,2024/01/06 07:45:31,11,5
219dd025-21ef-494e-90a4-38244f27805b,Alice Axolotl,SMALL,22.0,In Stock,2024/01/06 07:45:31,7,2
8c5b346c-d5bb-4c94-a842-f51452e50044,Bashful Shimmer Bunny,MEDIUM,28.0,In Stock,2024/01/06 07:45:33,12,5
8c5b346c-d5bb-4c94-a842-f51452e50044,Bashful Shimmer Bunny,SMALL,18.0,In Stock,2024/01/06 07:45:33,7,4
571a30dc-463c-4ca8-b6da-e66e681c010b,If I Were A Pony Book,ONE SIZE,13.5,In Stock,2024/01/06 07:45:35,6,6
d2d36865-37d0-4bf6-affb-16f6ea23d05a,Blossom Bea Beige Bunny Comforter,ONE SIZE,17.0,In Stock,2024/01/06 07:45:37,10,9
753190fd-1261-4231-bf41-3cd10decdc36,Cozy Crew Octopus,ONE SIZE,25.0,In Stock,2024/01/06 07:45:38,8,4
d968e553-9fae-4903-bdbb-aa62514d8875,Fossilly Stegosaurus,MEDIUM,38.0,In Stock,2024/01/06 07:45:40,6,5
d968e553-9fae-4903-bdbb-aa62514d8875,Fossilly Stegosaurus,SMALL,15.0,More on the way,2024/01/06 07:45:40,3,2
63d30656-35b8-43ed-9d75-a5ab9dd63106,Fuddlewuddle Lion Soother,ONE SIZE,25.0,In Stock,2024/01/06 07:45:42,13,13
d74a70a0-8e8a-4581-9284-ef60d7c6462f,Bashful Shimmer Bunny with Personalised Cream Jumper,MEDIUM,38.0,In Stock,2024/01/06 07:45:43,12,5
c134703a-eb59-46a9-ada2-396a01419acb,Bashful Shimmer Bunny with Personalised Navy Jumper,MEDIUM,38.0,In Stock,2024/01/06 07:45:45,12,5
9f9854b0-8760-4f38-a0c6-0ed77cfa734c,Bashful Shimmer Bunny with Personalised Red Jumper,MEDIUM,38.0,In Stock,2024/01/06 07:45:47,12,5
9b911e1c-7d7d-49db-98fb-15367065b93e,Lingley Bunny Soother,ONE SIZE,20.0,In Stock,2024/01/06 07:45:48,11,7
3f11ca20-c5ae-4510-98e3-877656893348,Lingley Elephant Soother,ONE SIZE,20.0,In Stock,2024/01/06 07:45:50,11,7
90fa02fc-7c31-48d8-b2d1-16e52871edc3,Tartan Lottie Bunny,ONE SIZE,27.5,In Stock,2024/01/06 07:45:51,11,4
63455334-5151-4b47-93ca-5d5fc39eeb3d,Onyx Dragon,HUGE,120.0,Out of stock,2024/01/06 07:45:53,7,26
63455334-5151-4b47-93ca-5d5fc39eeb3d,Onyx Dragon,MEDIUM,65.0,In Stock,2024/01/06 07:45:53,5,20
63455334-5151-4b47-93ca-5d5fc39eeb3d,Onyx Dragon,LITTLE,32.5,More on the way,2024/01/06 07:45:53,3,12
88a9abdb-191d-454b-9c80-20c5a4b4b18e,Personalised Bashful Shimmer Bunny Medium,MEDIUM,34.0,In Stock,2024/01/06 07:45:55,12,5
107d6d31-68e1-401c-94ce-20d2b2d9f08b,Personalised Fuddlewuddle Lion Soother,ONE SIZE,31.0,In Stock,2024/01/06 07:45:57,13,13
21857b2c-84f9-488b-9305-9d74e6d41599,Personalised Snow Dragon Huge,HUGE,126.0,In Stock,2024/01/06 07:45:59,7,26
66277e7a-02a3-46b4-a193-7a3f65fa8f94,Rumpletum Lion,ONE SIZE,40.0,In Stock,2024/01/06 07:46:01,11,8
e9d34261-bc8d-4a97-8c59-f9c59823f497,Snuggler Cat,ONE SIZE,25.0,In Stock,2024/01/06 07:46:02,9,5
a2c9d689-a8bc-43d7-83e8-bfb50f0ecff9,Cordy Roy Baby Bunny Soother,ONE SIZE,23.0,In Stock,2024/01/06 07:46:04,11,9
775a67ee-0831-435c-bd70-ccc39c05d527,Cordy Roy Baby Lion Soother,ONE SIZE,23.0,In Stock,2024/01/06 07:46:06,11,9
e99cc4b4-e103-445d-b0b8-51f8418152d9,Bashful Tiger,HUGE,80.0,In Stock,2024/01/06 07:46:08,20,8
e99cc4b4-e103-445d-b0b8-51f8418152d9,Bashful Tiger,MEDIUM,28.0,More on the way,2024/01/06 07:46:08,12,5
e99cc4b4-e103-445d-b0b8-51f8418152d9,Bashful Tiger,SMALL,18.0,In Stock,2024/01/06 07:46:08,7,4
1f6441e2-1cf0-405f-92e8-e4de41f10ec4,Bashful Cerise Bunny,MEDIUM,28.0,Out of stock,2024/01/06 07:46:10,12,5
1f6441e2-1cf0-405f-92e8-e4de41f10ec4,Bashful Cerise Bunny,SMALL,18.0,In Stock,2024/01/06 07:46:10,7,4
6c417b72-348e-4342-ade8-ad40046412c3,Beatrice Butterfly,LARGE,33.0,In Stock,2024/01/06 07:46:12,8,13
8089a5dc-1272-4208-8189-d1acdb320495,Little Me Book,ONE SIZE,15.0,In Stock,2024/01/06 07:46:14,8,8
2c01baa2-d733-4ec5-9073-e1f74a6841dd,Blossom Dusky Blue Bunny,MEDIUM,28.0,In Stock,2024/01/06 07:46:15,12,5
2c01baa2-d733-4ec5-9073-e1f74a6841dd,Blossom Dusky Blue Bunny,SMALL,18.0,Out of stock,2024/01/06 07:46:15,7,4
372dca98-e140-49a3-b435-6b26f4006078,Blossom Bea Beige Bunny,MEDIUM,28.0,In Stock,2024/01/06 07:46:17,12,5
372dca98-e140-49a3-b435-6b26f4006078,Blossom Bea Beige Bunny,SMALL,18.0,Returning to stock 2-3 months,2024/01/06 07:46:17,7,4
15f0bb29-859a-4707-8871-c0fa1b70731b,Fossilly T-Rex,MEDIUM,38.0,In Stock,2024/01/06 07:46:19,11,6
15f0bb29-859a-4707-8871-c0fa1b70731b,Fossilly T-Rex,SMALL,15.0,More on the way,2024/01/06 07:46:19,5,3
2ad48c2c-58e3-43cf-a203-934c79525c57,Bashful Dusky Blue Bunny with Personalised Cream Jumper,MEDIUM,38.0,In Stock,2024/01/06 07:46:21,12,5
4005ca11-fe10-45e8-86bd-2b52fdf39433,Bashful Tiger with Personalised Cream Jumper,MEDIUM,38.0,In Stock,2024/01/06 07:46:23,12,5
c699b432-4ae0-49c8-8886-d3aeda0e8eb6,Blossom Dusky Blue with Personalised Cream Jumper,MEDIUM,38.0,In Stock,2024/01/06 07:46:25,12,5
d5a1d643-7d79-4c47-81ac-0cf5ef3cddaf,Blossom Bea Beige Bunny with Personalised Cream Jumper,MEDIUM,38.0,In Stock,2024/01/06 07:46:27,12,5
2240fe0e-7fef-4518-8c3a-a9cb77db0c37,Bashful Dusky Blue Bunny with Personalised Navy Jumper,MEDIUM,38.0,In Stock,2024/01/06 07:46:29,12,5
e322d12e-493b-4e93-9ced-c9d843c2d9e9,Bashful Tiger with Personalised Navy Jumper,MEDIUM,38.0,In Stock,2024/01/06 07:46:30,12,5
7d2b30cc-9bac-4ba3-b055-c9da8a07e5e7,Blossom Dusky Blue with Personalised Navy Jumper,MEDIUM,38.0,In Stock,2024/01/06 07:46:32,12,5
9ae8cd88-a33e-4816-9e9e-1ad510471832,Blossom Bea Beige Bunny with Personalised Navy Jumper,MEDIUM,38.0,In Stock,2024/01/06 07:46:34,12,5
be5eab9f-c3c9-4bd8-9c0f-60b519d416b6,Bashful Dusky Blue Bunny with Personalised Red Jumper,MEDIUM,38.0,In Stock,2024/01/06 07:46:36,12,5
527bfe66-5663-425b-bef3-f3a6c3136205,Bashful Tiger with Personalised Red Jumper,MEDIUM,38.0,In Stock,2024/01/06 07:46:38,12,5
aca88980-1a57-49f4-bbce-91d77e44df00,Blossom Dusky Blue Bunny with Personalised Red Jumper,MEDIUM,38.0,In Stock,2024/01/06 07:46:40,12,5
e6270641-351a-4b84-9604-cb2e03289bb5,Blossom Bea Beige Bunny with Personalised Red Jumper,MEDIUM,38.0,In Stock,2024/01/06 07:46:41,12,5
1a63584a-098d-42ec-98bc-563cb08c60cc,Odyssey Octopus,REALLY BIG,130.0,More on the way,2024/01/06 07:46:46,30,12
1a63584a-098d-42ec-98bc-563cb08c60cc,Odyssey Octopus,HUGE,68.5,Out of stock,2024/01/06 07:46:46,21,9
1a63584a-098d-42ec-98bc-563cb08c60cc,Odyssey Octopus,LARGE,53.0,More on the way,2024/01/06 07:46:46,19,7
1a63584a-098d-42ec-98bc-563cb08c60cc,Odyssey Octopus,LITTLE,30.0,In Stock,2024/01/06 07:46:46,9,4
1a63584a-098d-42ec-98bc-563cb08c60cc,Odyssey Octopus,TINY,18.0,In Stock,2024/01/06 07:46:46,6,3
b0742be2-cf4e-4ddc-a45f-a480f5546933,Sage Dragon,HUGE,120.0,More on the way,2024/01/06 07:46:49,7,26
b0742be2-cf4e-4ddc-a45f-a480f5546933,Sage Dragon,MEDIUM,65.0,Returning to stock 2-3 months,2024/01/06 07:46:49,5,20
b0742be2-cf4e-4ddc-a45f-a480f5546933,Sage Dragon,LITTLE,32.5,In Stock,2024/01/06 07:46:49,3,12
d6d94924-0a96-49b6-a4ab-564d6e5c590f,Sienna Seahorse,MEDIUM,30.0,More on the way,2024/01/06 07:46:51,11,4
d6d94924-0a96-49b6-a4ab-564d6e5c590f,Sienna Seahorse,SMALL,20.0,In Stock,2024/01/06 07:46:51,7,2
7deb3c59-ef93-4fdc-a680-a089aaff8cfe,Bashful Plum Bunny,HUGE,80.0,Out of stock,2024/01/06 07:46:53,20,8
7deb3c59-ef93-4fdc-a680-a089aaff8cfe,Bashful Plum Bunny,MEDIUM,25.0,Out of stock,2024/01/06 07:46:53,12,5
7deb3c59-ef93-4fdc-a680-a089aaff8cfe,Bashful Plum Bunny,SMALL,18.0,In Stock,2024/01/06 07:46:53,7,4
970c9913-5b91-4306-9830-428f09a9bf83,Fossilly Brontosaurus,MEDIUM,38.0,In Stock,2024/01/06 07:46:55,10,5
970c9913-5b91-4306-9830-428f09a9bf83,Fossilly Brontosaurus,SMALL,15.0,More on the way,2024/01/06 07:46:55,3,2
9b86de29-291a-44fa-b38c-49558844b3f2,Fossilly Triceratops,MEDIUM,38.0,In Stock,2024/01/06 07:46:56,7,4
9b86de29-291a-44fa-b38c-49558844b3f2,Fossilly Triceratops,SMALL,15.0,Out of stock,2024/01/06 07:46:56,4,2
64e29a51-80a8-41dd-a0c4-4bc6eaa82c98,Snow Dragon,HUGE,120.0,In Stock,2024/01/06 07:46:59,7,26
64e29a51-80a8-41dd-a0c4-4bc6eaa82c98,Snow Dragon,MEDIUM,65.0,In Stock,2024/01/06 07:46:59,5,20
64e29a51-80a8-41dd-a0c4-4bc6eaa82c98,Snow Dragon,LITTLE,32.5,In Stock,2024/01/06 07:46:59,3,12
06ada12d-fecf-4350-a329-6105dd46ed88,Blossom Blush Bunny,LARGE,43.0,Out of stock,2024/01/06 07:47:01,14,6
06ada12d-fecf-4350-a329-6105dd46ed88,Blossom Blush Bunny,MEDIUM,28.0,In Stock,2024/01/06 07:47:01,12,5
06ada12d-fecf-4350-a329-6105dd46ed88,Blossom Blush Bunny,SMALL,18.0,In Stock,2024/01/06 07:47:01,7,4
36597bc5-fe89-4c6f-8236-1caa90d0798d,Blossom Blush Bunny with Personalised Cream Jumper,MEDIUM,38.0,In Stock,2024/01/06 07:47:02,12,5
717edfb9-924f-46b1-83cb-5edb58cbdfbc,Blossom Blush Bunny with Personalised Navy Jumper,MEDIUM,38.0,In Stock,2024/01/06 07:47:04,12,5
3fc91c72-b017-4f16-bf5a-03bdf42781f0,Blossom Blush Bunny with Personalised Red Jumper,MEDIUM,38.0,In Stock,2024/01/06 07:47:06,12,5
7c60b5bb-f0ba-4280-99dc-38251e16ab8c,Personalised Odell Octopus Soother,ONE SIZE,31.0,In Stock,2024/01/06 07:47:07,13,13
5cf93628-9540-4beb-9fa1-82b018e394aa,Wiley Whale,HUGE,90.0,In Stock,2024/01/06 07:47:09,8,31
5cf93628-9540-4beb-9fa1-82b018e394aa,Wiley Whale,LARGE,53.0,In Stock,2024/01/06 07:47:09,7,20
016766c5-2ad7-4ced-8e82-d0655fcc0d8e,Bailey Sloth,MEDIUM,35.0,In Stock,2024/01/06 07:47:11,16,3
016766c5-2ad7-4ced-8e82-d0655fcc0d8e,Bailey Sloth,SMALL,28.0,Out of stock,2024/01/06 07:47:11,13,2
ce216d86-6f84-48ad-bb5d-bed5d9e08f7c,Storm Octopus,LARGE,53.0,In Stock,2024/01/06 07:47:13,19,7
ce216d86-6f84-48ad-bb5d-bed5d9e08f7c,Storm Octopus,LITTLE,30.0,Returning to stock 3-4 weeks,2024/01/06 07:47:13,9,4
ce216d86-6f84-48ad-bb5d-bed5d9e08f7c,Storm Octopus,TINY,18.0,More on the way,2024/01/06 07:47:13,6,3
2c609072-bfe3-4b6c-9deb-5d103d984569,Bashful Dragon,VERY BIG,275.0,In Stock,2024/01/06 07:47:18,43,18
2c609072-bfe3-4b6c-9deb-5d103d984569,Bashful Dragon,REALLY BIG,125.0,More on the way,2024/01/06 07:47:18,26,12
2c609072-bfe3-4b6c-9deb-5d103d984569,Bashful Dragon,HUGE,69.5,Out of stock,2024/01/06 07:47:18,20,8
2c609072-bfe3-4b6c-9deb-5d103d984569,Bashful Dragon,MEDIUM,28.0,More on the way,2024/01/06 07:47:18,12,5
2c609072-bfe3-4b6c-9deb-5d103d984569,Bashful Dragon,SMALL,18.0,More on the way,2024/01/06 07:47:18,7,4
6d7cc2f8-55ea-4688-b483-6e4d7ce849d5,Bashful Dino,VERY BIG,275.0,In Stock,2024/01/06 07:47:23,43,18
6d7cc2f8-55ea-4688-b483-6e4d7ce849d5,Bashful Dino,REALLY BIG,125.0,In Stock,2024/01/06 07:47:23,26,12
6d7cc2f8-55ea-4688-b483-6e4d7ce849d5,Bashful Dino,HUGE,80.0,In Stock,2024/01/06 07:47:23,20,8
6d7cc2f8-55ea-4688-b483-6e4d7ce849d5,Bashful Dino,MEDIUM,28.0,In Stock,2024/01/06 07:47:23,12,5
6d7cc2f8-55ea-4688-b483-6e4d7ce849d5,Bashful Dino,SMALL,18.0,More on the way,2024/01/06 07:47:23,7,4
28e34260-9045-4e72-980f-14242378d100,Bashful Turtle,MEDIUM,28.0,Returning to stock 2-3 months,2024/01/06 07:47:25,12,5
28e34260-9045-4e72-980f-14242378d100,Bashful Turtle,SMALL,18.0,In Stock,2024/01/06 07:47:25,7,4
d7946095-c9ff-487f-a799-0f4eafc7e460,Elly Ballerina Book,ONE SIZE,15.0,In Stock,2024/01/06 07:47:26,12,
48b70e89-1689-4b8a-bb05-116ec2db9d1b,Livi Leopard,LARGE,80.0,In Stock,2024/01/06 07:47:28,5,18
48b70e89-1689-4b8a-bb05-116ec2db9d1b,Livi Leopard,LITTLE,35.0,Out of stock,2024/01/06 07:47:28,3,11
13adcdd3-9ae6-4618-a70c-6d5ae5ac5f5c,If I Were A Lamb Book and Bashful Lamb,SMALL,31.5,In Stock,2024/01/06 07:47:30,,
d350da42-e92c-45c5-a20d-9c478ae80172,Smudge Puppy,MEDIUM,35.0,In Stock,2024/01/06 07:47:32,9,5
8d3c9eb8-107d-49c2-bfe0-f9c06d4cedd7,Bashful Navy Bunny,MEDIUM,28.0,In Stock,2024/01/06 07:47:34,12,5
8d3c9eb8-107d-49c2-bfe0-f9c06d4cedd7,Bashful Navy Bunny,SMALL,18.0,Out of stock,2024/01/06 07:47:34,7,4
31c70b4a-35df-4385-99d5-c3d3756ac9f9,Bashful Navy Bunny with Personalised Cream Jumper,MEDIUM,38.0,In Stock,2024/01/06 07:47:36,12,5
b70e4a34-4951-4068-95fb-0623bb7f98c2,Bashful Navy Bunny with Personalised Red Jumper,MEDIUM,38.0,In Stock,2024/01/06 07:47:38,12,5
4bebc1c2-5bb0-44b6-9324-da55fdce5bf2,Percy Penguin,LARGE,40.0,More on the way,2024/01/06 07:47:40,14,6
4bebc1c2-5bb0-44b6-9324-da55fdce5bf2,Percy Penguin,LITTLE,27.5,In Stock,2024/01/06 07:47:40,9,4
4bebc1c2-5bb0-44b6-9324-da55fdce5bf2,Percy Penguin,TINY,18.0,More on the way,2024/01/06 07:47:40,6,3
faabe011-057f-40a8-99ed-41a7c4b27c6c,Personalised Bashful Navy Bunny Medium,MEDIUM,34.0,In Stock,2024/01/06 07:47:41,12,5
2c5a2dba-922a-4576-b8e5-ce10dfdeba09,Sacha Snow Tiger,REALLY BIG,200.0,In Stock,2024/01/06 07:47:44,9,29
2c5a2dba-922a-4576-b8e5-ce10dfdeba09,Sacha Snow Tiger,LARGE,80.0,More on the way,2024/01/06 07:47:44,5,18
b1fdc4b3-1357-4751-8cd8-887e55c8c069,Bashful Giraffe,MEDIUM,28.0,In Stock,2024/01/06 07:47:45,12,5
b1fdc4b3-1357-4751-8cd8-887e55c8c069,Bashful Giraffe,SMALL,18.0,Returning to stock 3-4 weeks,2024/01/06 07:47:45,7,4
56ebc44f-02af-4111-89c5-592726b2892f,Bashful Lamb,MEDIUM,28.0,More on the way,2024/01/06 07:47:47,12,5
56ebc44f-02af-4111-89c5-592726b2892f,Bashful Lamb,SMALL,18.0,In Stock,2024/01/06 07:47:47,7,4
0327cdf7-23ef-4eaa-ac6b-0af71dedd345,My Friend Bunny Book,ONE SIZE,15.0,In Stock,2024/01/06 07:47:49,9,9
a3368f6d-f62c-49fc-abcb-bc1f6086b8ba,Bashful Beige Bunny Blanket,ONE SIZE,45.0,In Stock,2024/01/06 07:47:50,40,30
ed5d3bc5-b53b-4759-b2df-c2863f41b545,Bashful Blue Bunny Blanket,ONE SIZE,45.0,In Stock,2024/01/06 07:47:52,40,30
ac3f0c8a-d6d4-4bab-8b40-c4422667e723,Bashful Pink Bunny Blanket,ONE SIZE,45.0,In Stock,2024/01/06 07:47:54,40,30
7bf20166-51a1-450c-8d6a-4bd51ff14d92,Harry Panda Cub,HUGE,120.0,Out of stock,2024/01/06 07:47:59,20,10
7bf20166-51a1-450c-8d6a-4bd51ff14d92,Harry Panda Cub,LARGE,65.0,More on the way,2024/01/06 07:47:59,15,8
7bf20166-51a1-450c-8d6a-4bd51ff14d92,Harry Panda Cub,MEDIUM,35.0,In Stock,2024/01/06 07:47:59,11,6
7bf20166-51a1-450c-8d6a-4bd51ff14d92,Harry Panda Cub,TINY,13.0,Out of stock,2024/01/06 07:47:59,5,3
37f58c24-03a1-4d68-8503-f6ae66c13e74,Bashful Giraffe with Personalised Cream Jumper,MEDIUM,38.0,In Stock,2024/01/06 07:48:01,12,5
c7c6437c-3358-4ad8-8d7a-0e134b61d7f8,Bashful Giraffe with Personalised Navy Jumper,MEDIUM,38.0,In Stock,2024/01/06 07:48:02,12,5
00c36203-12f8-44d1-92bb-69fe40a8533c,Bashful Giraffe with Personalised Red Jumper,MEDIUM,38.0,In Stock,2024/01/06 07:48:04,12,5
b968569a-112f-409d-baea-afa70b353e10,Bashful Lamb with Personalied Red Jumper,MEDIUM,38.0,In Stock,2024/01/06 07:48:06,12,5
8432b369-b5b5-49c5-9e68-8a4cf983dd6e,Larry Lobster,MEDIUM,33.0,In Stock,2024/01/06 07:48:08,11,4
8432b369-b5b5-49c5-9e68-8a4cf983dd6e,Larry Lobster,SMALL,25.0,Returning to stock 2-3 months,2024/01/06 07:48:08,8,3
70626059-80b1-4878-bc39-472f70351b28,Bashful Truffle Bunny,MEDIUM,28.0,In Stock,2024/01/06 07:48:10,12,5
70626059-80b1-4878-bc39-472f70351b28,Bashful Truffle Bunny,SMALL,18.0,Out of stock,2024/01/06 07:48:10,7,4
e358c387-08a9-4e25-8c52-36eb5665e10c,Colin Chameleon,ONE SIZE,29.0,In Stock,2024/01/06 07:48:11,11,4
3eec095e-3b3b-4387-8bc7-46b830ff03d7,Bashful Truffle Bunny with Personalised Cream Jumper,MEDIUM,38.0,In Stock,2024/01/06 07:48:13,12,5
cf96e7ed-7d1d-4f60-807a-2a70d29b9562,Bashful Truffle Bunny with Personalised Navy Jumper,MEDIUM,38.0,In Stock,2024/01/06 07:48:15,12,5
8f9de712-e09a-4b82-9f65-5c0d414f8b7a,Bashful Truffle Bunny with Personalised Red Jumper,MEDIUM,38.0,In Stock,2024/01/06 07:48:17,12,5
172d7f1a-a0ee-4810-92f7-a29187612712,Bashful Fox Cub,HUGE,80.0,In Stock,2024/01/06 07:48:19,20,8
172d7f1a-a0ee-4810-92f7-a29187612712,Bashful Fox Cub,MEDIUM,28.0,More on the way,2024/01/06 07:48:19,12,5
172d7f1a-a0ee-4810-92f7-a29187612712,Bashful Fox Cub,SMALL,16.5,Out of stock,2024/01/06 07:48:19,7,4
6fb90c75-bd01-4b33-9e11-7f939cb5f28c,Bashful Toffee Puppy,VERY BIG,275.0,In Stock,2024/01/06 07:48:23,43,18
6fb90c75-bd01-4b33-9e11-7f939cb5f28c,Bashful Toffee Puppy,REALLY BIG,125.0,In Stock,2024/01/06 07:48:23,26,12
6fb90c75-bd01-4b33-9e11-7f939cb5f28c,Bashful Toffee Puppy,MEDIUM,28.0,Returning to stock 2-3 months,2024/01/06 07:48:23,12,5
6fb90c75-bd01-4b33-9e11-7f939cb5f28c,Bashful Toffee Puppy,SMALL,18.0,Returning to stock 2-3 months,2024/01/06 07:48:23,7,4
bf2c588f-83ed-4281-ae65-b28ad08b8d7d,If I Were A Bunny Book,ONE SIZE,13.5,In Stock,2024/01/06 07:48:25,6,6
1e89fef9-8866-496e-8ab7-71229032ef98,The Very Brave Lion Book,ONE SIZE,15.0,In Stock,2024/01/06 07:48:27,9,9
2bf096d4-47cc-4d02-b034-0d63b3f73074,If I Were A Bunny Book and Bashful Bunny,SMALL,31.5,In Stock,2024/01/06 07:48:28,,
746e1579-dd6e-4a40-be8f-2fdf7b2c6ea8,The Very Brave Lion Book and Fuddlewuddle Lion,MEDIUM,45.0,In Stock,2024/01/06 07:48:29,,
14cab6dc-51d1-4ab9-8e6e-a8586299cf62,Bashful Twinkle Bunny,MEDIUM,28.0,More on the way,2024/01/06 07:48:31,12,5
14cab6dc-51d1-4ab9-8e6e-a8586299cf62,Bashful Twinkle Bunny,SMALL,18.0,In Stock,2024/01/06 07:48:31,7,4
826aad6f-2511-4cac-bebc-4ef5690b03c5,Blossom Tulip Bunny,HUGE,80.0,Out of stock,2024/01/06 07:48:36,20,8
826aad6f-2511-4cac-bebc-4ef5690b03c5,Blossom Tulip Bunny,LARGE,43.0,In Stock,2024/01/06 07:48:36,14,6
826aad6f-2511-4cac-bebc-4ef5690b03c5,Blossom Tulip Bunny,MEDIUM,28.0,In Stock,2024/01/06 07:48:36,12,5
826aad6f-2511-4cac-bebc-4ef5690b03c5,Blossom Tulip Bunny,SMALL,18.0,In Stock,2024/01/06 07:48:36,7,4
826aad6f-2511-4cac-bebc-4ef5690b03c5,Blossom Tulip Bunny,TINY,10.0,Out of stock,2024/01/06 07:48:36,5,
7fa57511-bf52-495c-b2e8-b61f41d54727,Blossom Tulip Bunny with Personalised Cream Jumper,MEDIUM,38.0,In Stock,2024/01/06 07:48:38,12,5
c6b11f13-0e30-4e99-b72d-0c986cdc155e,Blossom Tulip Bunny with Personalised Navy Jumper,MEDIUM,38.0,In Stock,2024/01/06 07:48:40,12,5
b2bf4686-0690-4175-a7c2-a528959bcada,Blossom Tulip Bunny with Personalised Red Jumper,MEDIUM,38.0,In Stock,2024/01/06 07:48:42,12,5
0aa0d821-f8cf-4cdc-b48f-7d9c42a8caa6,Personalised Bashful Silver Bunny Huge,HUGE,86.0,In Stock,2024/01/06 07:48:44,20,8
de600e31-4c60-414f-8690-88e9a5d6e732,If I Were An Elephant Book,ONE SIZE,13.5,In Stock,2024/01/06 07:48:45,6,6
34fd7798-fc0c-4ce6-83f9-a75f72f43792,The Magic Bunny Book,ONE SIZE,15.0,In Stock,2024/01/06 07:48:47,7,7
2aa44a78-1be2-4385-9b09-45c50c4609b4,When I am Big Book,ONE SIZE,15.0,In Stock,2024/01/06 07:48:49,8,8
39e1e6f7-b5d4-40a1-aa9b-f85942eca886,Bumbly Bear,HUGE,99.0,Out of stock,2024/01/06 07:48:54,23,9
39e1e6f7-b5d4-40a1-aa9b-f85942eca886,Bumbly Bear,LARGE,60.0,In Stock,2024/01/06 07:48:54,20,7
39e1e6f7-b5d4-40a1-aa9b-f85942eca886,Bumbly Bear,MEDIUM,43.0,In Stock,2024/01/06 07:48:54,15,6
39e1e6f7-b5d4-40a1-aa9b-f85942eca886,Bumbly Bear,SMALL,28.0,More on the way,2024/01/06 07:48:54,11,4
f9f61360-c37e-4580-ad00-7661602bdd04,The Magic Bunny Book and Bashful Cottontail Bunny,MEDIUM,43.0,In Stock,2024/01/06 07:48:55,,
c019c19a-4de4-41d9-ad64-32312b988da1,Bashful Unicorn,MEDIUM,28.0,In Stock,2024/01/06 07:48:57,12,5
c019c19a-4de4-41d9-ad64-32312b988da1,Bashful Unicorn,SMALL,18.0,In Stock,2024/01/06 07:48:57,7,4
cbd6dbd9-23f0-43a6-b6ba-8d232d0bb609,Fuddlewuddle Monkey,MEDIUM,30.0,In Stock,2024/01/06 07:48:59,9,5
cb5072e3-f3f6-49c1-9c25-c8daf2ebbe31,Bashful Beige Bunny Grabber,ONE SIZE,15.0,In Stock,2024/01/06 07:49:00,7,3
4ecddbbc-60a1-489c-9ab4-2296a8bc5cd6,If I Were A Rabbit Book,ONE SIZE,13.5,In Stock,2024/01/06 07:49:02,6,6
a0a6e472-e5c9-47cb-814f-3eaf20aabc90,If I Were A Rabbit Book and Bashful Tulip Bunny,SMALL,31.5,In Stock,2024/01/06 07:49:03,,
b5ba1364-a899-4784-a967-b51dda2f9c5d,Fuddlewuddle Lion,HUGE,69.0,Out of stock,2024/01/06 07:49:06,17,9
b5ba1364-a899-4784-a967-b51dda2f9c5d,Fuddlewuddle Lion,LARGE,50.0,More on the way,2024/01/06 07:49:06,12,6
b5ba1364-a899-4784-a967-b51dda2f9c5d,Fuddlewuddle Lion,MEDIUM,30.0,In Stock,2024/01/06 07:49:06,9,5
f49b62ad-a337-41c9-956c-8b3617db517e,Bartholomew Bear,REALLY BIG,140.0,In Stock,2024/01/06 07:49:10,22,13
f49b62ad-a337-41c9-956c-8b3617db517e,Bartholomew Bear,HUGE,55.0,In Stock,2024/01/06 07:49:10,19,7
f49b62ad-a337-41c9-956c-8b3617db517e,Bartholomew Bear,LARGE,40.0,In Stock,2024/01/06 07:49:10,14,7
f49b62ad-a337-41c9-956c-8b3617db517e,Bartholomew Bear,MEDIUM,28.0,More on the way,2024/01/06 07:49:10,11,5
f49b62ad-a337-41c9-956c-8b3617db517e,Bartholomew Bear,TINY,18.5,In Stock,2024/01/06 07:49:10,6,3
9ca3023a-b414-41ed-a1af-1905c43b140a,Bashful Silver Bunny,VERY BIG,275.0,In Stock,2024/01/06 07:49:16,43,18
9ca3023a-b414-41ed-a1af-1905c43b140a,Bashful Silver Bunny,REALLY BIG,125.0,In Stock,2024/01/06 07:49:16,26,11
9ca3023a-b414-41ed-a1af-1905c43b140a,Bashful Silver Bunny,HUGE,80.0,In Stock,2024/01/06 07:49:16,20,8
9ca3023a-b414-41ed-a1af-1905c43b140a,Bashful Silver Bunny,LARGE,37.5,Out of stock,2024/01/06 07:49:16,14,6
9ca3023a-b414-41ed-a1af-1905c43b140a,Bashful Silver Bunny,MEDIUM,28.0,In Stock,2024/01/06 07:49:16,12,5
9ca3023a-b414-41ed-a1af-1905c43b140a,Bashful Silver Bunny,SMALL,18.0,In Stock,2024/01/06 07:49:16,7,4
c32a8bf3-e476-4110-9588-bb3dcc2f599e,Bashful Silver Bunny with Personalised Cream Jumper,MEDIUM,38.0,In Stock,2024/01/06 07:49:18,12,5
6e2c1350-7c48-472a-a5b6-9ca387652576,Bashful Silver Bunny with Personalised Navy Jumper,MEDIUM,38.0,In Stock,2024/01/06 07:49:20,12,5
8816a919-bed8-4bcc-af75-d92a47851092,Bashful Silver Bunny with Personalised Red Jumper,MEDIUM,38.0,In Stock,2024/01/06 07:49:22,12,5
3f76794d-dc00-4eaf-99f1-a013d619ac93,Personalised Bashful Silver Bunny Medium,MEDIUM,34.0,In Stock,2024/01/06 07:49:24,12,5
6b7123fc-2c09-42a1-9ab5-cf21149002c3,Bashful Cottontail Bunny,VERY BIG,275.0,In Stock,2024/01/06 07:49:29,43,18
6b7123fc-2c09-42a1-9ab5-cf21149002c3,Bashful Cottontail Bunny,REALLY BIG,125.0,In Stock,2024/01/06 07:49:29,26,12
6b7123fc-2c09-42a1-9ab5-cf21149002c3,Bashful Cottontail Bunny,MEDIUM,28.0,In Stock,2024/01/06 07:49:29,12,5
6b7123fc-2c09-42a1-9ab5-cf21149002c3,Bashful Cottontail Bunny,SMALL,17.5,Out of stock,2024/01/06 07:49:29,7,4
a7cd7fec-ec2f-4bbc-98ff-036ed5e6a987,Blossom Cream Bunny,LARGE,43.0,Out of stock,2024/01/06 07:49:30,14,6
a7cd7fec-ec2f-4bbc-98ff-036ed5e6a987,Blossom Cream Bunny,MEDIUM,28.0,Returning to stock 3-4 weeks,2024/01/06 07:49:30,12,5
a7cd7fec-ec2f-4bbc-98ff-036ed5e6a987,Blossom Cream Bunny,SMALL,18.0,In Stock,2024/01/06 07:49:30,7,4
ff1bf9f4-c0b3-4e57-8144-56c7e5df1b66,Bashful Cottontail Bunny with Personalised Cream Jumper,MEDIUM,38.0,In Stock,2024/01/06 07:49:32,12,5
34b11235-59e1-43a7-8726-98eba2b4296f,Bashful Cottontail Bunny with Personalised Navy Jumper,MEDIUM,38.0,In Stock,2024/01/06 07:49:34,12,5
39769ee2-f664-4469-8f6e-fe8367dad751,Bashful Cottontail Bunny with Personalised Red Jumper,MEDIUM,38.0,In Stock,2024/01/06 07:49:36,12,5
f5b2f955-31e9-46b4-9e56-a8ddbb59dbd4,Personalised Bashful Cottontail Bunny Medium,MEDIUM,34.0,In Stock,2024/01/06 07:49:38,12,5
ad841331-9e15-40c0-a031-79b3947704f0,Bashful Monkey Soother,ONE SIZE,25.0,In Stock,2024/01/06 07:49:39,13,13
1712415f-0d73-4be1-98af-359787cb5eb9,Bashful Black & Cream Puppy,VERY BIG,275.0,In Stock,2024/01/06 07:49:41,43,18
1712415f-0d73-4be1-98af-359787cb5eb9,Bashful Black & Cream Puppy,MEDIUM,28.0,In Stock,2024/01/06 07:49:41,12,5
1712415f-0d73-4be1-98af-359787cb5eb9,Bashful Black & Cream Puppy,SMALL,18.0,In Stock,2024/01/06 07:49:41,7,4
9ba07564-3e9a-40ca-abb5-ff0a478e9201,Bashful Blue Bunny,HUGE,67.5,Out of stock,2024/01/06 07:49:44,20,8
9ba07564-3e9a-40ca-abb5-ff0a478e9201,Bashful Blue Bunny,MEDIUM,28.0,In Stock,2024/01/06 07:49:44,12,5
9ba07564-3e9a-40ca-abb5-ff0a478e9201,Bashful Blue Bunny,TINY,10.0,Out of stock,2024/01/06 07:49:44,5,2
482bb7a1-c12e-4052-b2e1-d9da1710d201,Bashful Pink Bunny,HUGE,67.5,Out of stock,2024/01/06 07:49:50,20,8
482bb7a1-c12e-4052-b2e1-d9da1710d201,Bashful Pink Bunny,LARGE,43.0,Out of stock,2024/01/06 07:49:50,14,6
482bb7a1-c12e-4052-b2e1-d9da1710d201,Bashful Pink Bunny,MEDIUM,28.0,In Stock,2024/01/06 07:49:50,12,5
482bb7a1-c12e-4052-b2e1-d9da1710d201,Bashful Pink Bunny,TINY,10.0,Out of stock,2024/01/06 07:49:50,5,2
24c8b167-8453-40bf-b08c-cce79522ef6a,Fuddlewuddle Puppy,MEDIUM,30.0,In Stock,2024/01/06 07:49:52,9,5
b88e45d5-7d02-47c0-9a8c-3071e23c6add,Bashful Black & Cream Puppy with Personalised Cream Jumper,MEDIUM,38.0,In Stock,2024/01/06 07:49:53,12,5
57bf24b1-715a-4b53-b902-9ff9327590e4,Bashful Blue Bunny with Personalised Cream Jumper,MEDIUM,38.0,In Stock,2024/01/06 07:49:55,12,5
277badec-3e34-4afb-8d35-3a5883d90c0e,Bashful Pink Bunny with Personalised Cream Jumper,MEDIUM,38.0,In Stock,2024/01/06 07:49:57,12,5
66dfd7d2-4100-4daa-b9b8-73df806accd9,Bashful Black & Cream Puppy with Personalised Navy Jumper,MEDIUM,38.0,In Stock,2024/01/06 07:49:59,12,5
cdd67b85-6620-4636-a89a-7d126369a3d4,Bashful Blue Bunny with Personalised Navy Jumper,MEDIUM,38.0,In Stock,2024/01/06 07:50:00,12,5
59dcbc28-a233-4076-a0e0-8d1c42be9af1,Bashful Pink Bunny with Personalised Navy Jumper,MEDIUM,38.0,In Stock,2024/01/06 07:50:02,12,5
69508085-e8ab-4c3d-84bd-ad228d796aae,Little Pup Bag Charm,ONE SIZE,25.0,More on the way,2024/01/06 07:50:03,7,2
2c7c919e-98c0-4544-b731-d4ffc427f33c,Bashful Black & Cream Puppy with Personalised Red Jumper,MEDIUM,38.0,In Stock,2024/01/06 07:50:05,12,5
8607446c-f161-4844-a330-549e7d372402,Bashful Blue Bunny with Personalised Red Jumper,MEDIUM,38.0,In Stock,2024/01/06 07:50:07,12,5
36f8f9d5-a918-4dd8-8f22-59a1850b39d6,Bashful Pink Bunny with Personalised Red Jumper,MEDIUM,38.0,In Stock,2024/01/06 07:50:09,12,5
d3d5ad88-3a38-4a20-8648-6697b101f82e,Personalised Bashful Blue Bunny Medium,MEDIUM,34.0,In Stock,2024/01/06 07:50:10,12,5
239c2123-02ef-422a-80d4-4e49f1a0d2ff,Bashful Pink Bunny Rattle,SMALL,15.0,In Stock,2024/01/06 07:50:12,7,4
ec7cf4e8-26c3-4967-b917-0df1daa89187,Bashful Pink Bunny Soother,ONE SIZE,25.0,In Stock,2024/01/06 07:50:14,13,13
454f45dc-cacb-478d-9383-0ca45e57dacb,Personalised Bashful Cream Bunny Huge,HUGE,86.0,In Stock,2024/01/06 07:50:15,20,8
327cd081-dfe5-4af8-adda-ca9803064515,Edward Bear,MEDIUM,30.0,In Stock,2024/01/06 07:50:17,13,6
327cd081-dfe5-4af8-adda-ca9803064515,Edward Bear,SMALL,23.0,Out of stock,2024/01/06 07:50:17,10,5
432fcf00-406c-4353-9522-e44284c68453,Personalised Bashful Beige Bunny Huge,HUGE,86.0,In Stock,2024/01/06 07:50:19,20,8
ec1eb667-acbb-4102-9386-1849e9fe3198,Bashful Beige Bunny,VERY BIG,275.0,In Stock,2024/01/06 07:50:25,43,18
ec1eb667-acbb-4102-9386-1849e9fe3198,Bashful Beige Bunny,REALLY BIG,125.0,In Stock,2024/01/06 07:50:25,26,12
ec1eb667-acbb-4102-9386-1849e9fe3198,Bashful Beige Bunny,HUGE,80.0,In Stock,2024/01/06 07:50:25,20,8
ec1eb667-acbb-4102-9386-1849e9fe3198,Bashful Beige Bunny,LARGE,43.0,In Stock,2024/01/06 07:50:25,14,6
ec1eb667-acbb-4102-9386-1849e9fe3198,Bashful Beige Bunny,MEDIUM,28.0,Out of stock,2024/01/06 07:50:25,12,5
ec1eb667-acbb-4102-9386-1849e9fe3198,Bashful Beige Bunny,SMALL,18.0,In Stock,2024/01/06 07:50:25,7,4
ec1eb667-acbb-4102-9386-1849e9fe3198,Bashful Beige Bunny,TINY,14.0,In Stock,2024/01/06 07:50:25,5,2
7dfc04fd-c285-4c9c-90e8-4823addbdebc,Bashful Cream Bunny,VERY BIG,275.0,Returning to stock 2-3 months,2024/01/06 07:50:31,43,18
7dfc04fd-c285-4c9c-90e8-4823addbdebc,Bashful Cream Bunny,REALLY BIG,125.0,In Stock,2024/01/06 07:50:31,26,11
7dfc04fd-c285-4c9c-90e8-4823addbdebc,Bashful Cream Bunny,HUGE,80.0,In Stock,2024/01/06 07:50:31,20,8
7dfc04fd-c285-4c9c-90e8-4823addbdebc,Bashful Cream Bunny,LARGE,43.0,In Stock,2024/01/06 07:50:31,14,6
7dfc04fd-c285-4c9c-90e8-4823addbdebc,Bashful Cream Bunny,MEDIUM,28.0,Returning to stock 2-3 months,2024/01/06 07:50:31,12,5
7dfc04fd-c285-4c9c-90e8-4823addbdebc,Bashful Cream Bunny,SMALL,18.0,In Stock,2024/01/06 07:50:31,7,4
7dfc04fd-c285-4c9c-90e8-4823addbdebc,Bashful Cream Bunny,TINY,14.0,Out of stock,2024/01/06 07:50:31,5,2
08f76c86-86c1-4c8e-a0a8-9eb18c215fea,Personalised Rose Dragon Huge,HUGE,126.0,In Stock,2024/01/06 07:50:35,7,26
f6c05c7e-f048-4e6b-86c7-a6a68d9c9c75,Personalised Bashful Pink Bunny Soother,ONE SIZE,31.0,In Stock,2024/01/06 07:50:37,13,13
47145447-60f0-4e95-b93c-4bac61f1cf2f,Rory Le Courageux Petit Lion & Fuddlewuddle Lion,MEDIUM,45.0,In Stock,2024/01/06 07:50:38,,
0ad4dda8-12d9-4833-9010-c4ff0c1bdf48,All Kinds of Cats Book and Jellycat Jack,MEDIUM,60.0,In Stock,2024/01/06 07:50:40,,
e375c4ab-225d-4ae2-806b-7ee853ea657b,Lottie Fairy Bunny Book and Lottie Bunny Fairy,ONE SIZE,47.5,In Stock,2024/01/06 07:50:42,,
f7500975-3c52-4e28-b7d9-9cdfdf496829,Lapin Timide Veille Sur Tes Nuits & Bashful Cottontail Bunny,MEDIUM,43.0,In Stock,2024/01/06 07:50:43,,
6d5f2d4c-d3f5-443d-90bf-f3e8edde8fca,Merry Mouse Book and Merry Mouse,ONE SIZE,42.5,In Stock,2024/01/06 07:50:45,,
4544a20c-6a79-4aa3-9ba7-6f026a89e2ff,Lapin Timide Veut Grandir & Bashful Cream Bunny,MEDIUM,43.0,In Stock,2024/01/06 07:50:47,,
d071f3f9-f684-4a5a-b7be-abd807eb724d,Festival Dragon,ONE SIZE,55.0,Returning to stock next week,2024/01/06 07:50:48,4,17
8818d9b7-320c-4f35-897d-6a912482f7e3,Archie Dinosaur,ONE SIZE,35.0,More on the way,2024/01/06 07:50:50,9,6
45b09a79-52ee-45b2-ae91-ddd07c0e5223,Bashful Grey Kitty,MEDIUM,28.0,More on the way,2024/01/06 07:50:51,12,5
a540455c-7eda-4b28-97f0-9d3e88068491,If I Were a Bunny Board Book,ONE SIZE,13.5,Returning to stock 2-3 months,2024/01/06 07:50:54,6,6
81ff5145-2acd-462d-b197-78ca4c435877,Blossom Beige Bunny Bag Charm,ONE SIZE,23.0,More on the way,2024/01/06 07:50:56,7,2
e9ec16b1-7a5d-4034-b7b9-527fdf809ff8,Blossom Blush Bunny Bag Charm,ONE SIZE,23.0,More on the way,2024/01/06 07:50:57,7,2
20d0a163-2a9e-4f6f-a050-5f0fc501f00b,Blossom Jasmine Bunny Bag Charm,ONE SIZE,23.0,More on the way,2024/01/06 07:50:59,7,2
3aa745f6-1068-4ae4-a45c-ad78dbd6ddca,Backpack Panda,ONE SIZE,30.0,More on the way,2024/01/06 07:51:00,9,4
1cda9a04-b098-4a05-8d52-c6efe1d3b8bf,Caboodle Puppy,ONE SIZE,20.0,More on the way,2024/01/06 07:51:02,4,4
4293a418-a84e-48d1-a72b-8de7b4c5f5fb,Carissa Persian Cat,ONE SIZE,45.0,Returning to stock 2-3 months,2024/01/06 07:51:04,10,10
eb64980e-058e-4f8f-88db-7aa2f9be54bd,Clyde Capybara,ONE SIZE,43.0,Out of stock,2024/01/06 07:51:05,8,9
bfcd2410-616c-4d6a-96f7-3c27666ee0c8,Dara Giraffe,ONE SIZE,75.0,More on the way,2024/01/06 07:51:07,22,7
89ce66fa-7091-4e9c-8191-fe40bc522a3b,Dario Donkey,ONE SIZE,60.0,More on the way,2024/01/06 07:51:09,14,7
aa2c8583-29d8-4459-a2f7-6fc30b568200,Fuddlewuddle Ginger Cat,MEDIUM,30.0,More on the way,2024/01/06 07:51:10,9,5
6d2be732-416c-4e44-8db4-fc72c9598a08,Gordy Guinea Pig,ONE SIZE,30.0,More on the way,2024/01/06 07:51:12,8,6
397449bf-0778-4b28-bf6a-be061396d4e7,Huddles Kangaroo,ONE SIZE,45.0,Returning to stock 2-3 months,2024/01/06 07:51:13,10,6
cf5f947f-9fb1-4929-8046-66d069257d70,Iris Siamese Cat,ONE SIZE,33.0,More on the way,2024/01/06 07:51:15,11,5
95f6e21e-4510-43f6-b5b4-cdf3e7a740c7,Little Goat,ONE SIZE,22.0,More on the way,2024/01/06 07:51:16,7,4
977f5566-099b-4965-922f-aa3c209a01b2,Little Pig Bag,ONE SIZE,40.0,Returning to stock 2-3 months,2024/01/06 07:51:18,7,7
45443645-cd13-4958-b72a-083cddd30e87,Randall Basset Hound,ONE SIZE,35.0,More on the way,2024/01/06 07:51:19,9,13
be4727cc-3b0b-4500-9511-c245277b8715,Richie Dromedary,ONE SIZE,60.0,More on the way,2024/01/06 07:51:21,11,17
dc2e807a-c43f-4b09-8e78-4dab0f6f5521,Tilly Golden Retriever,ONE SIZE,35.0,More on the way,2024/01/06 07:51:23,11,6
f531638f-cd53-484a-8419-c13d128c70bf,Wanderlust Elly,ONE SIZE,100.0,More on the way,2024/01/06 07:51:24,7,14
920c3b16-2292-4799-b1f3-8f62449312de,Yummy Puppy,ONE SIZE,20.0,Returning to stock 2-3 months,2024/01/06 07:51:26,6,3
a051bc4d-2cdc-4940-a041-27728b5debd1,Dainty Dessert Bunny Cupcake,ONE SIZE,28.0,Returning to stock 2-3 months,2024/01/06 07:51:28,6,4
25d2d908-6ae6-4477-8d9b-148fe39d36fc,Fluffy Duck,ONE SIZE,15.0,Returning to stock 2-3 months,2024/01/06 07:51:30,4,2
620419d9-639c-469f-b51e-c8aabe1d4fc6,Finnegan Frog,ONE SIZE,20.0,More on the way,2024/01/06 07:51:31,9,3
a6543d34-14c1-485a-9594-7324726ea13f,Honeyhome Bee,ONE SIZE,35.0,More on the way,2024/01/06 07:51:33,7,7
719d151d-3fe6-47c3-82a6-e19a5b658434,Smudge Rabbit Big,BIG,75.0,More on the way,2024/01/06 07:51:35,6,17
36d674ff-937a-4fe8-8222-4657b639efd9,Bartholomew Bear Bag,ONE SIZE,38.0,Returning to stock 3-4 weeks,2024/01/06 07:51:36,6,7
adb4e9c3-e25b-4ff9-910d-f45e9ae748a7,Bashful Bunny Cream Bag Charm,ONE SIZE,19.0,Out of stock,2024/01/06 07:51:38,7,2
60c6725f-b92d-4868-86e2-e2bd79df3435,Bashful Bunny Truffle Bag Charm,ONE SIZE,19.0,More on the way,2024/01/06 07:51:40,7,2
87f76802-e94e-4ccf-9897-56f21cda9315,Bashful Bunny Inky Bag Charm,ONE SIZE,19.0,More on the way,2024/01/06 07:51:41,7,2
bdc55516-7d78-4383-802f-ac253fc6cf75,Kitten Tails Activity Book,ONE SIZE,18.5,More on the way,2024/01/06 07:51:42,9,5
fc9b8685-31cd-49fa-b62c-a9d4c1c10103,When I Am Sleepy Book,ONE SIZE,15.0,Returning to stock 3-4 weeks,2024/01/06 07:51:44,8,8
819a0c9e-dc39-4e8e-9654-544c814e2d71,Backpack Puppy,ONE SIZE,30.0,More on the way,2024/01/06 07:51:46,9,4
48c06852-e1d0-4691-8e0d-f8242919e97d,Caractacus Chameleon,ONE SIZE,65.0,More on the way,2024/01/06 07:51:47,15,7
52f749d5-7d7e-4d3c-a51c-8ec533beb919,Cauldron Cuties,ONE SIZE,35.0,More on the way,2024/01/06 07:51:49,6,5
0ad993e1-96e7-4ac6-aaf5-8f9ca66ebc6c,Coquette Cutie Cat,ONE SIZE,32.5,More on the way,2024/01/06 07:51:50,10,2
9f097c0f-cb3b-4cf3-ae18-5129bb4a57d7,Daphne Pomeranian,ONE SIZE,33.0,More on the way,2024/01/06 07:51:52,9,8
1e1b36e9-60d5-43ce-8fe0-f49095ee15d0,Floofie St Bernard,ONE SIZE,80.0,More on the way,2024/01/06 07:51:54,7,16
06ff0718-c85e-46ea-82ea-9be8f6914d05,Freya Pony,ONE SIZE,65.0,More on the way,2024/01/06 07:51:55,13,13
00e475a0-17c4-4336-a005-329959f956ff,Georgiana Poodle,ONE SIZE,33.0,More on the way,2024/01/06 07:51:58,9,5
f299e2ca-2746-4337-92d1-b72be9255e60,Jackson Husky,ONE SIZE,35.0,More on the way,2024/01/06 07:52:00,10,6
f2008763-963f-45ad-975c-c0e85b705090,Kitten Caboodle Grey,ONE SIZE,20.0,Returning to stock 2-3 months,2024/01/06 07:52:01,4,4
8d8e0001-1f5b-405e-89e7-c51fcd500b8f,Little Snake,ONE SIZE,22.0,Returning to stock 2-3 months,2024/01/06 07:52:03,6,8
f5d7b2b7-d94b-47d3-9843-2ac0db308c4f,Munro Scottie Dog Bag Charm,ONE SIZE,23.0,Returning to stock 2-3 months,2024/01/06 07:52:04,4,2
8611a752-52a7-4c3b-879e-3e1067dc2120,Munro Scottie Dog Bag,ONE SIZE,40.0,Returning to stock in 1-2 days,2024/01/06 07:52:06,9,5
f52f2a91-5cc4-463a-b49e-ea133ad48784,Myrtle Hippopotamus,ONE SIZE,45.0,More on the way,2024/01/06 07:52:07,15,6
b1a039da-55c4-4821-a41a-61ec98eb1463,Nessie Nessa,ONE SIZE,30.0,Out of stock,2024/01/06 07:52:09,9,14
510c5d53-b1e9-4ef5-bcb2-c03178e3be83,Ooky Bat,ONE SIZE,20.0,More on the way,2024/01/06 07:52:10,6,2
a68fbbc3-a2e8-4b13-8d4b-fb4644918996,Otto Sausage Dog Bag,ONE SIZE,40.0,Returning to stock 3-4 weeks,2024/01/06 07:52:12,6,9
f3708087-c8cb-4165-a699-45decc4e102a,Ricky Rain Frog Bag Charm,ONE SIZE,23.0,Returning to stock 3-4 weeks,2024/01/06 07:52:14,3,3
cbd37737-c86a-4fe9-ab94-3e2906b84340,Yummy Bear,ONE SIZE,20.0,More on the way,2024/01/06 07:52:15,6,3
1b6b80d8-be51-4ad9-a71d-580652d258db,Birdling Seagull,ONE SIZE,17.0,More on the way,2024/01/06 07:52:17,4,3
263d9dc1-39d8-4075-b331-4d552487f0c4,Little Reindeer,ONE SIZE,20.0,More on the way,2024/01/06 07:52:18,7,4
764af779-7c81-4753-96c3-1400ba85c591,Merry Mouse Sleighing,ONE SIZE,42.5,Out of stock,2024/01/06 07:52:20,7,4
f48dd2b2-e84c-4cc9-b718-f3f4eaab7caa,Nesting Penguins,ONE SIZE,35.0,More on the way,2024/01/06 07:52:21,4,5
394be6d7-adf7-4663-93ed-8ba69e82c631,Ronnie Rockhopper Penguin,ONE SIZE,25.0,More on the way,2024/01/06 07:52:24,10,4
dcbed15d-48ad-4fa8-82d7-05f3d4c22013,Wee Reindeer,ONE SIZE,17.5,Out of stock,2024/01/06 07:52:25,5,3
47359794-7e2e-4e74-a2a3-d659d6b5982d,Bartholomew Bear Bag Charm,ONE SIZE,23.0,Out of stock,2024/01/06 07:52:27,5,2
ef373cc7-fd75-4098-b47b-9a29c0bb4a5f,Blowzy Belle Cat,ONE SIZE,37.5,More on the way,2024/01/06 07:52:28,17,4
150cc060-2e0b-49d2-8196-f34429dba65a,Fuzzkin Lamb,ONE SIZE,25.0,More on the way,2024/01/06 07:52:30,9,4
4fcfc778-50d5-4bf0-833a-189207c87b5d,Herbie Highland Cow,ONE SIZE,35.0,More on the way,2024/01/06 07:52:31,10,6
f12e6054-a96d-454e-a572-3952a4dd64bd,Little Monkey,ONE SIZE,22.0,More on the way,2024/01/06 07:52:33,7,4
bb77d5f6-f301-4efb-9964-0f1b63accb39,Little Mouse,ONE SIZE,22.0,More on the way,2024/01/06 07:52:35,7,4
538dafcf-fe45-4cd8-b6d3-87fa7fffba15,Personalised Bashful Luxe Bunny Rosa Huge,HUGE,91.0,More on the way,2024/01/06 07:52:37,20,8
9efd52a8-ff4d-4533-9204-723c10f35005,Sweetsicle Elephant,ONE SIZE,20.0,More on the way,2024/01/06 07:52:38,6,3
9613990d-a28d-49a5-9f19-b403241eed87,Tumblie Elephant,ONE SIZE,30.0,Returning to stock 2-3 months,2024/01/06 07:52:40,5,14
cc7c1679-0a17-4c53-932d-5b050acf6381,Wavelly Whale Blue,ONE SIZE,15.0,More on the way,2024/01/06 07:52:41,2,6
b8984be7-b5cf-4c96-b24e-f4d8a8660195,Wavelly Whale Grey,ONE SIZE,15.0,Returning to stock 2-3 months,2024/01/06 07:52:43,3,5
95d75c32-a6ec-46b2-a709-aad014e8aaaf,Lottie The Ballet Bunny Book,ONE SIZE,15.0,Returning to stock 3-4 weeks,2024/01/06 07:52:45,7,7
6a821942-1537-453c-a66c-a813d3c748ef,Sandy Snail,ONE SIZE,27.0,Returning to stock 2-3 months,2024/01/06 07:52:46,5,3
cd794d2c-3cc6-4097-9dff-835e4ebaa5fb,Yummy Duckling,ONE SIZE,20.0,More on the way,2024/01/06 07:52:48,6,4
4a945357-aa20-4adb-a584-70418025c219,Yummy Lamb,ONE SIZE,20.0,More on the way,2024/01/06 07:52:49,6,4
db0308f4-0107-4ad2-a20e-53b78a6f25ec,Amore Dog,ONE SIZE,40.0,More on the way,2024/01/06 07:52:51,10,7
21b03647-3e01-4b6e-9905-37e2c6859610,Ambrosie Squirrel,ONE SIZE,35.0,More on the way,2024/01/06 07:52:52,9,4
6e5750bb-a9e5-4e37-9e98-905e6c62d8c5,Archibald Elephant,MEDIUM,28.0,Returning to stock 2-3 months,2024/01/06 07:52:54,10,5
c440f4e1-fd20-43c4-b9e0-8d0c260ac4f3,Barnabus Pig,HUGE,55.0,Out of stock,2024/01/06 07:52:56,17,7
c440f4e1-fd20-43c4-b9e0-8d0c260ac4f3,Barnabus Pig,MEDIUM,28.0,Returning to stock 2-3 months,2024/01/06 07:52:56,10,5
f54f9d99-3232-4dad-9729-e036da11513c,Bashful Koala,MEDIUM,28.0,More on the way,2024/01/06 07:52:57,11,5
3db26d31-b0bd-437a-a482-cb7a17f5921f,Backpack Unicorn,ONE SIZE,30.0,More on the way,2024/01/06 07:52:59,9,4
60327392-0ff3-4ebe-a694-0ec95a9443e6,Floofie Sheepdog,ONE SIZE,80.0,More on the way,2024/01/06 07:53:01,10,16
b039375f-6e91-4971-b21d-b2002f966795,Magnus Manatee,ONE SIZE,50.0,More on the way,2024/01/06 07:53:02,6,14
840e3d13-9a0b-4aaa-b28a-e332de9de085,Napping Nipper Cat,ONE SIZE,25.0,More on the way,2024/01/06 07:53:04,4,6
79358fbf-cd9e-455b-9355-375ee19ee1ad,Otto Sausage Dog,HUGE,75.0,Out of stock,2024/01/06 07:53:06,11,13
79358fbf-cd9e-455b-9355-375ee19ee1ad,Otto Sausage Dog,LARGE,30.0,More on the way,2024/01/06 07:53:06,7,7
79358fbf-cd9e-455b-9355-375ee19ee1ad,Otto Sausage Dog,SMALL,22.0,More on the way,2024/01/06 07:53:06,5,7
5cb227f6-593a-419a-8b34-a46dc61b1fa8,Hibernating Penguin,ONE SIZE,22.0,More on the way,2024/01/06 07:53:08,5,5
a91e0e82-1d04-4ba9-865a-e677400d521a,Little Penguin,ONE SIZE,22.0,More on the way,2024/01/06 07:53:09,7,3
16ce17e3-a618-41b5-b89c-82f45f993213,Merry Mouse Candy Cane,ONE SIZE,27.5,More on the way,2024/01/06 07:53:11,7,4
cac6b1e1-5221-480c-9b8e-a5c70e237cde,Mitzi Reindeer,LARGE,50.0,More on the way,2024/01/06 07:53:12,14,4
cac6b1e1-5221-480c-9b8e-a5c70e237cde,Mitzi Reindeer,MEDIUM,32.5,More on the way,2024/01/06 07:53:12,10,3
3c1edd81-f5ba-471e-80d7-3760243c0cd6,Bashful Black Kitten,MEDIUM,28.0,More on the way,2024/01/06 07:53:14,12,5
daf26085-382b-4c05-becc-bf55de7c9e34,Bashful Snow Tiger,REALLY BIG,125.0,Out of stock,2024/01/06 07:53:16,26,12
daf26085-382b-4c05-becc-bf55de7c9e34,Bashful Snow Tiger,HUGE,80.0,Out of stock,2024/01/06 07:53:16,20,8
daf26085-382b-4c05-becc-bf55de7c9e34,Bashful Snow Tiger,MEDIUM,28.0,Returning to stock 3-4 weeks,2024/01/06 07:53:16,12,5
c1424608-a6cb-4065-aadc-c6d234de94a8,Birdling Blue Jay,ONE SIZE,17.0,More on the way,2024/01/06 07:53:18,4,3
c607fa82-aeac-463e-a8a0-3bed79a9128a,Birdling Mallard,ONE SIZE,17.0,More on the way,2024/01/06 07:53:19,4,3
ba74fead-fc62-4d55-825b-02b93abc1621,Birdling Pigeon,ONE SIZE,17.0,More on the way,2024/01/06 07:53:21,4,3
442361d6-6e9b-4990-986d-181902d4f4f5,My Dad and Me Book,ONE SIZE,15.0,Returning to stock 3-4 weeks,2024/01/06 07:53:22,8,8
0e3b1967-df0f-42e5-9aa0-4c5d1ff49873,Backpack Elephant,ONE SIZE,30.0,More on the way,2024/01/06 07:53:24,9,4
2e5ebc76-ba1d-4491-8f17-7246241ee737,Bruce Bush Baby,ONE SIZE,27.5,More on the way,2024/01/06 07:53:25,7,5
f1c8a9d8-b07e-4b0a-b6fa-9c34efc736bb,Curvie Sheep Dog,ONE SIZE,33.0,More on the way,2024/01/06 07:53:27,9,6
858bb94f-c35e-45a9-9d53-3b2bf8d75be8,Flumpie Frog,ONE SIZE,28.0,More on the way,2024/01/06 07:53:29,7,5
f7c8ffc8-afd9-461a-a83b-7bc0fe77bf3e,Huggady Panda,LARGE,67.5,Out of stock,2024/01/06 07:53:31,13,7
f7c8ffc8-afd9-461a-a83b-7bc0fe77bf3e,Huggady Panda,MEDIUM,30.0,More on the way,2024/01/06 07:53:31,9,5
0c8d47f9-4cf8-498a-800e-8c69fe23fb83,Bashful Snow Tiger with Personalised Cream Jumper,MEDIUM,38.0,Returning to stock 3-4 weeks,2024/01/06 07:53:32,12,5
96f2cab5-5c0c-42ea-9470-9c2f732b9232,Bashful Snow Tiger with Personalised Navy Jumper,MEDIUM,38.0,Returning to stock 3-4 weeks,2024/01/06 07:53:34,12,5
4106ca99-a7c0-4aab-8b3b-09bcb7844c56,Bashful Snow Tiger with Personalised Red Jumper,MEDIUM,38.0,Returning to stock 3-4 weeks,2024/01/06 07:53:36,12,5
304f97fe-4730-4f1a-b7cc-bfe3d2db50f5,Kitten Caboodle Ginger,ONE SIZE,20.0,More on the way,2024/01/06 07:53:37,4,4
2cabf5ea-094c-4808-92fd-8bdfecb296db,Little Frog,ONE SIZE,22.0,More on the way,2024/01/06 07:53:39,7,4
2dca2f27-52c8-4c06-bbfe-8f7b9ddac6c0,Munro Scottie Dog,HUGE,75.0,Out of stock,2024/01/06 07:53:41,17,9
2dca2f27-52c8-4c06-bbfe-8f7b9ddac6c0,Munro Scottie Dog,MEDIUM,30.0,More on the way,2024/01/06 07:53:41,9,5
a5cb97c5-98ff-4ec1-9381-8e8dcce211a6,Pacey Pufferfish,ONE SIZE,33.0,Returning to stock 2-3 months,2024/01/06 07:53:43,6,9
158197fe-3b99-4894-917d-bca4b6a9dc58,Rock-a-Bye Bunny,ONE SIZE,30.0,More on the way,2024/01/06 07:53:44,7,4
b5f78b43-1afa-41a3-a5e1-e32f461e077c,Sleepee Panda,MEDIUM,25.0,Out of stock,2024/01/06 07:53:46,14,6
b5f78b43-1afa-41a3-a5e1-e32f461e077c,Sleepee Panda,SMALL,18.0,Out of stock,2024/01/06 07:53:46,9,4
845260c8-fcdf-46d7-a368-f37db91d6073,Tommy Turtle,ONE SIZE,27.5,More on the way,2024/01/06 07:53:47,12,6
d84d9c96-854a-4b4d-8add-1a12ec1d24c1,Tully Turtle,ONE SIZE,33.0,Returning to stock 3-4 weeks,2024/01/06 07:53:49,4,10
e68e1518-40b9-4d7f-b967-444c1b1f4c38,Willow Owl,ONE SIZE,23.5,More on the way,2024/01/06 07:53:51,8,4
1cfd00d6-6124-4366-a89c-395d1ba34b65,Bashful Fudge Bunny with Personalised Cream Jumper,MEDIUM,38.0,More on the way,2024/01/06 07:53:53,12,5
3ea542a8-6c33-4c31-ab2c-e46fa3ea8ca5,Bashful Fudge Bunny with Personalised Navy Jumper,MEDIUM,38.0,More on the way,2024/01/06 07:53:54,12,5
d8fdad86-3c61-4940-8288-a869b629100d,Bashful Fudge Bunny with Personalised Red Jumper,MEDIUM,38.0,More on the way,2024/01/06 07:53:56,12,5
d91c96fc-f9ac-4512-8572-74b2ef72c461,Personalised Bashful Fudge Bunny Medium,MEDIUM,34.0,More on the way,2024/01/06 07:53:58,12,5
4b40fbdd-38d1-48d9-ba95-dc79d1d6037a,Tumblie Duck,ONE SIZE,30.0,Returning to stock 3-4 weeks,2024/01/06 07:53:59,5,14
8b8290a4-3de2-496c-a5e0-172c831fff5b,Yummy Bunny Mint,ONE SIZE,20.0,More on the way,2024/01/06 07:54:01,5,4
5b0b1981-6a90-4c5e-8f81-463aab3713b8,Pet Tails Book,ONE SIZE,18.5,More on the way,2024/01/06 07:54:03,8,5
614fbbc2-70b1-4c68-8070-1dc6da6b1ec3,Bonbon Monkey,ONE SIZE,16.0,More on the way,2024/01/06 07:54:04,9,4
5f34f93d-b34a-42e4-a0ac-2f164936f611,Backpack Bunny,ONE SIZE,30.0,More on the way,2024/01/06 07:54:06,9,4
a994248e-3a27-4426-ae0b-e1e2f2d5647c,Backpack Dino,ONE SIZE,30.0,More on the way,2024/01/06 07:54:07,9,4
f0de037e-ca53-441e-8558-750e67b27379,Cosie Bunny,ONE SIZE,22.5,More on the way,2024/01/06 07:54:09,7,4
3efec385-174e-48b5-b86e-7556abcf2835,Kitten Caboodle Cream,ONE SIZE,20.0,More on the way,2024/01/06 07:54:11,4,4
924da0c4-97b6-4e87-8efb-eefc33f01e89,Little Panda,ONE SIZE,22.0,More on the way,2024/01/06 07:54:12,7,4
36ba6505-9f6d-45ca-9960-fca453a35553,Lottie Bunny Ballet,ONE SIZE,30.0,More on the way,2024/01/06 07:54:14,11,4
7a27148a-cc84-4ebb-bbfd-ee88aa43cd28,Personalised Sage Dragon Huge,HUGE,126.0,More on the way,2024/01/06 07:54:16,7,26
120300c4-dee9-448b-91e7-244cc24ef95a,Smudge Bear,MEDIUM,35.0,More on the way,2024/01/06 07:54:17,9,6
9f6b4583-539b-4bd8-ba00-ccbefaf333b2,Sensational Seafood Crab,ONE SIZE,12.5,More on the way,2024/01/06 07:54:19,4,4
f529b648-aa18-44cf-bd99-3de0f0cfa6ac,Sensational Seafood Lobster,ONE SIZE,12.5,More on the way,2024/01/06 07:54:20,6,4
3b487ae3-c5cf-41cb-8b1e-303f0043b429,Bashful Dusky Blue Bunny,MEDIUM,28.0,More on the way,2024/01/06 07:54:23,12,5
3b487ae3-c5cf-41cb-8b1e-303f0043b429,Bashful Dusky Blue Bunny,SMALL,18.0,Out of stock,2024/01/06 07:54:23,7,4
028b55ca-20ff-46e6-8eb6-fc341722b056,Bashful Lion,MEDIUM,28.0,Returning to stock 3-4 weeks,2024/01/06 07:54:25,12,5
028b55ca-20ff-46e6-8eb6-fc341722b056,Bashful Lion,SMALL,18.0,More on the way,2024/01/06 07:54:25,7,4
fa198e79-14ac-4859-a0d1-68aaa006b61c,Bashful Blush Bunny Bag Charm,ONE SIZE,19.0,More on the way,2024/01/06 07:54:27,7,1
3176537e-a2ea-487e-9621-2acbd4e5deaa,Birdling Blue Tit,ONE SIZE,17.0,More on the way,2024/01/06 07:54:28,4,3
f64a2251-911f-4051-ac8b-2e3503c1b201,Bashful Lion with Personalised Cream Jumper,MEDIUM,38.0,Returning to stock 3-4 weeks,2024/01/06 07:54:30,12,5
4b9fb993-a2cd-4e55-b074-7d99b10b9e26,Bashful Lion with Personalised Navy Jumper,MEDIUM,38.0,Returning to stock 3-4 weeks,2024/01/06 07:54:32,12,5
d60a19ea-53ce-48fa-9122-334ec7fc96f9,Bashful Lion with Personalised Red Jumper,MEDIUM,38.0,Returning to stock 3-4 weeks,2024/01/06 07:54:34,12,5
43e0bdcf-75cc-4eb2-b3cb-1cb600732614,Little Pup,ONE SIZE,22.0,More on the way,2024/01/06 07:54:36,7,4
3416893b-9ceb-4f9e-b5d8-c3acd28dcea3,Cordy Roy Lion Activity Toy,ONE SIZE,30.0,Out of stock,2024/01/06 07:54:37,11,4
58786526-ca68-416f-a3a9-8590becaf944,Sensational Seafood Sardine,ONE SIZE,12.0,More on the way,2024/01/06 07:54:39,1,6
46b228b0-b7b3-4387-9ec4-49a685005aab,Yummy Tulip Pink Bunny,ONE SIZE,20.0,More on the way,2024/01/06 07:54:40,5,4
60cd99cd-7221-435a-b254-45fd28648a5a,Bashful Fudge Puppy,MEDIUM,28.0,More on the way,2024/01/06 07:54:42,12,5
60cd99cd-7221-435a-b254-45fd28648a5a,Bashful Fudge Puppy,SMALL,16.5,Out of stock,2024/01/06 07:54:42,7,4
55567fb2-9c4c-4bdd-a5da-9ad68d2454d3,Callie Cow,SMALL,25.0,Returning to stock 2-3 months,2024/01/06 07:54:44,8,4
bf0c535f-ebe7-4da8-94ea-d347865118a9,Curvie Elephant,ONE SIZE,33.0,More on the way,2024/01/06 07:54:46,9,6
efc263e1-c98d-4852-a1fc-408e09d9db29,Curvie Pig,ONE SIZE,33.0,Returning to stock next week,2024/01/06 07:54:47,9,6
459bcb13-71a2-4a0b-a05b-0e1c8892320f,Fuddlewuddle Cat,MEDIUM,30.0,More on the way,2024/01/06 07:54:49,9,4
b83b3031-cdc3-4072-a48b-baaa9a2d51ca,Little Bear,ONE SIZE,22.0,More on the way,2024/01/06 07:54:51,7,4
da9e1843-4d3d-47e9-95dc-f160efd89cd7,Crumble Fox,ONE SIZE,25.0,Out of stock,2024/01/06 07:54:52,11,5
e2a039ee-77f4-4695-a758-bc848d555af5,Fuddlewuddle Dragon,HUGE,69.0,Out of stock,2024/01/06 07:54:54,17,9
e2a039ee-77f4-4695-a758-bc848d555af5,Fuddlewuddle Dragon,MEDIUM,30.0,More on the way,2024/01/06 07:54:54,9,4
7b0cb1af-2fe4-4973-bf00-e60a1e3166f0,Little Bunny,ONE SIZE,22.0,More on the way,2024/01/06 07:54:56,7,4
f09932b2-afaa-4539-8c2d-b357d6c3add6,Little Lamb,ONE SIZE,22.0,More on the way,2024/01/06 07:54:57,7,4
e651711d-d3fd-466c-a91a-d49ab02082aa,Little Pig,ONE SIZE,22.0,More on the way,2024/01/06 07:54:59,7,4
7605e6b8-b930-4c25-a026-d9f0805d2d7d,Louie Lion,HUGE,120.0,Out of stock,2024/01/06 07:55:02,9,22
7605e6b8-b930-4c25-a026-d9f0805d2d7d,Louie Lion,LARGE,70.0,More on the way,2024/01/06 07:55:02,6,18
7605e6b8-b930-4c25-a026-d9f0805d2d7d,Louie Lion,LITTLE,32.5,More on the way,2024/01/06 07:55:02,3,11
a2aa6514-9b00-491f-94ed-063a712ec718,Bashful Stardust Bunny,MEDIUM,28.0,Returning to stock 2-3 months,2024/01/06 07:55:03,12,5
a2aa6514-9b00-491f-94ed-063a712ec718,Bashful Stardust Bunny,SMALL,18.0,Returning to stock 2-3 months,2024/01/06 07:55:03,7,4
195ae1f5-b385-4568-af6d-22287111be0d,Bashful Bunny Tulip Bag Charm,ONE SIZE,19.0,More on the way,2024/01/06 07:55:05,7,1
790d38b1-bf7a-4985-97f5-c1fab05b3325,Dexter Dragon,MEDIUM,65.0,Returning to stock 2-3 months,2024/01/06 07:55:07,5,20
790d38b1-bf7a-4985-97f5-c1fab05b3325,Dexter Dragon,LITTLE,32.5,Returning to stock 3-4 weeks,2024/01/06 07:55:07,3,12
4634d1b4-6995-4464-b24a-9cb000a2b946,Fluffy Crab,ONE SIZE,15.0,More on the way,2024/01/06 07:55:09,2,4
2f53dc4c-3c0a-45ee-a6b5-ac336391ad89,Fluffy Octopus,ONE SIZE,15.0,More on the way,2024/01/06 07:55:10,3,3
afdbd680-320b-46b4-a326-b4722145337f,Fluffy Starfish,ONE SIZE,15.0,More on the way,2024/01/06 07:55:12,4,4
5834b083-597f-489f-809f-91548d273b4f,Fluffy Whale,ONE SIZE,15.0,Returning to stock 2-3 months,2024/01/06 07:55:14,4,2
78397691-44c7-43a1-9fd6-4941bfd095b4,Sheldon Shrimp,ONE SIZE,24.0,More on the way,2024/01/06 07:55:15,9,3
51b8f727-62c5-4f64-9984-9737e954f602,Wally Whale,MEDIUM,32.5,More on the way,2024/01/06 07:55:18,6,14
51b8f727-62c5-4f64-9984-9737e954f602,Wally Whale,SMALL,23.5,Out of stock,2024/01/06 07:55:18,6,8
51b8f727-62c5-4f64-9984-9737e954f602,Wally Whale,TINY,13.5,Out of stock,2024/01/06 07:55:18,4,6
e40bb563-1adf-44dc-b1b5-f3fec4b9dad4,Herman Hermit,ONE SIZE,33.0,Returning to stock 3-4 weeks,2024/01/06 07:55:19,11,7
6967053e-e844-4595-9e30-9d94568ebe02,Perry Polar Bear,MEDIUM,27.5,Returning to stock 2-3 months,2024/01/06 07:55:21,10,6
6967053e-e844-4595-9e30-9d94568ebe02,Perry Polar Bear,SMALL,23.5,More on the way,2024/01/06 07:55:21,7,4
6967053e-e844-4595-9e30-9d94568ebe02,Perry Polar Bear,TINY,13.0,Out of stock,2024/01/06 07:55:21,5,2
7836478f-3f6c-418b-a2d1-d733e2a4b0a3,Smudge Rabbit,MEDIUM,35.0,More on the way,2024/01/06 07:55:23,5,9
f64b6c3e-9c45-4803-83e2-d9c21ff12e69,Smudge Elephant 1,LARGE,75.0,More on the way,2024/01/06 07:55:25,22,9
1f4f6319-e21f-4581-a654-11d7664bf899,Bashful Blush Bunny,HUGE,80.0,Out of stock,2024/01/06 07:55:27,20,8
1f4f6319-e21f-4581-a654-11d7664bf899,Bashful Blush Bunny,MEDIUM,28.0,More on the way,2024/01/06 07:55:27,12,5
1f4f6319-e21f-4581-a654-11d7664bf899,Bashful Blush Bunny,SMALL,18.0,More on the way,2024/01/06 07:55:27,7,4
e54d77b0-c0da-43b1-8e76-daa224e0844d,Elephants Can't Fly Book,ONE SIZE,15.0,Returning to stock 3-4 weeks,2024/01/06 07:55:29,9,
4c478908-de5b-4a94-9f91-5a9ff2b652dd,Smudge Elephant 2,MEDIUM,35.0,More on the way,2024/01/06 07:55:30,9,5
7b12af61-df39-42c8-a1a1-d0c88c1e8cee,Bashful Bat,SMALL,18.0,More on the way,2024/01/06 07:55:32,7,4
1b030187-a9b4-4e44-bfe1-2d24538d8d70,Fuddlewuddle Dino,MEDIUM,30.0,More on the way,2024/01/06 07:55:34,9,5
aa9f4ca5-d2da-4e9b-8c25-113985ea92aa,Cordy Roy Baby Elephant Soother,ONE SIZE,23.0,Returning to stock next week,2024/01/06 07:55:35,9,7
6749eae8-62ce-43d9-8bac-f86e0b9e97fe,Cordy Roy Baby Hare Soother,ONE SIZE,23.0,Returning to stock next week,2024/01/06 07:55:37,9,7
b7ce0d78-e359-4f73-8f62-404cb6a36b4d,My Mum and Me Book and Bashful Lamb,MEDIUM,43.0,Out of stock,2024/01/06 07:55:39,,
3f2cfe11-8a51-4d56-ae71-c7c56db41a6a,When I am Big Book and Bashful Cream Bunny,MEDIUM,43.0,Out of stock,2024/01/06 07:55:40,,
3f5ec052-56b3-4e65-8b79-4f828b0b4949,Bashful Silver Bunny Soother,ONE SIZE,25.0,More on the way,2024/01/06 07:55:42,13,13
4fdaad64-aef8-4aa6-a9a4-e805e8bda35f,Cordy Roy Fox Baby,ONE SIZE,25.0,Returning to stock next week,2024/01/06 07:55:43,13,4
73e26819-7917-422b-91c7-bab803b24851,Bashful Kitty,MEDIUM,28.0,Returning to stock next week,2024/01/06 07:55:45,12,
73e26819-7917-422b-91c7-bab803b24851,Bashful Kitty,SMALL,16.5,Out of stock,2024/01/06 07:55:45,7,
1f32acba-bccf-4482-9af7-7a5cafa4b472,Odette Ostrich,LARGE,40.0,More on the way,2024/01/06 07:55:47,19,8
42e677f5-4df3-4729-9010-f8b5e1a4a6c6,Bashful Blue Bunny Grabber,ONE SIZE,15.0,Returning to stock 3-4 weeks,2024/01/06 07:55:49,7,3
d124ae42-b016-452f-ba3e-3916bbab0c0e,Fuddlewuddle Lamb,MEDIUM,30.0,More on the way,2024/01/06 07:55:50,9,5
c322b5db-b7a8-4226-a957-5f42c4ba2e84,Merryday Giraffe,MEDIUM,30.0,More on the way,2024/01/06 07:55:52,16,4
8d10f4da-89fe-4f76-b059-07f85ee4f63c,Peanut Penguin,LARGE,40.0,More on the way,2024/01/06 07:55:54,13,8
8d10f4da-89fe-4f76-b059-07f85ee4f63c,Peanut Penguin,MEDIUM,28.0,More on the way,2024/01/06 07:55:54,9,4
8d10f4da-89fe-4f76-b059-07f85ee4f63c,Peanut Penguin,SMALL,15.0,More on the way,2024/01/06 07:55:54,4,2
5d12dfe7-fcbc-4060-881b-37541205f6c3,Fuddlewuddle Elephant,HUGE,69.0,Out of stock,2024/01/06 07:55:59,17,9
5d12dfe7-fcbc-4060-881b-37541205f6c3,Fuddlewuddle Elephant,LARGE,40.0,Out of stock,2024/01/06 07:55:59,12,6
5d12dfe7-fcbc-4060-881b-37541205f6c3,Fuddlewuddle Elephant,MEDIUM,30.0,More on the way,2024/01/06 07:55:59,9,5
5d12dfe7-fcbc-4060-881b-37541205f6c3,Fuddlewuddle Elephant,TINY,15.0,Out of stock,2024/01/06 07:55:59,5,3
4b039c59-6fc5-477d-aeaa-c972e601ff25,Cordy Roy Fox,MEDIUM,27.5,More on the way,2024/01/06 07:56:01,15,6
4b039c59-6fc5-477d-aeaa-c972e601ff25,Cordy Roy Fox,SMALL,17.0,Out of stock,2024/01/06 07:56:01,10,4
d963b87b-2835-46bb-8588-59cfa7ccadbb,Tumblie Sheep Dog,MEDIUM,30.0,Returning to stock 3-4 weeks,2024/01/06 07:56:03,5,14
ad5dfed5-7959-477d-b903-4931828dd8ab,Blossom Cream Bunny with Personalised Cream Jumper,MEDIUM,38.0,Returning to stock 3-4 weeks,2024/01/06 07:56:05,12,5
76300199-6257-4446-9172-f5324fea970f,Bashful Beige Bunny Soother,ONE SIZE,25.0,More on the way,2024/01/06 07:56:06,13,13
048ad19e-8485-4220-bfc3-fab6bcfda8eb,Bashful Blue Bunny Rattle,SMALL,15.0,Returning to stock 3-4 weeks,2024/01/06 07:56:08,7,4
52a1949e-689d-4af0-a283-5e8b4835e60c,Truffles Highland Cow,MEDIUM,33.0,Returning to stock 2-3 months,2024/01/06 07:56:10,9,14
8ebe49e5-2e64-4fb8-8dc6-8939dd79f2c7,Bashful Bunny Beige Spots A6 Note Book,ONE SIZE,3.0,Out of stock,2024/01/06 07:56:11,6,
7959eee8-bac1-4103-be39-ebd8df0f2b0a,Otto the Loyal Long Dog Book and Otto Sausage Dog,LARGE,45.0,Out of stock,2024/01/06 07:56:13,,
