jellycatid,size,price,stock,datecreated
2ee4f180-1c4e-47b9-8b48-2a428d21b6c5,"HUGE - H20"" X W8""",85.0,In Stock,2024/01/05 19:43:25
2ee4f180-1c4e-47b9-8b48-2a428d21b6c5,"MEDIUM - H12"" X W5""",35.0,In Stock,2024/01/05 19:43:25
edd5cc70-570a-4127-a1f1-8842b0451594,"ONE SIZE - H9"" X W7""",15.0,In Stock,2024/01/05 19:43:27
104fa54e-a192-450c-ab9d-72f22aef2b1d,"ONE SIZE - H13"" X W4""",50.0,In Stock,2024/01/05 19:43:28
323dac02-bb87-4b83-9171-00a1ff795125,"ONE SIZE - H22"" X W24""",220.0,In Stock,2024/01/05 19:43:30
7b31f337-b499-434c-9ede-55f022114ef8,"REALLY BIG - H26"" X W9""",165.0,In Stock,2024/01/05 19:43:32
7b31f337-b499-434c-9ede-55f022114ef8,"HUGE - H19"" X W6""",110.0,In Stock,2024/01/05 19:43:32
7b31f337-b499-434c-9ede-55f022114ef8,"MEDIUM - H13"" X W4""",45.0,Returning to stock next week,2024/01/05 19:43:32
a5cb3f1c-23e9-478f-968d-9dd2374dd080,"ONE SIZE - H5"" X W4""",28.0,In Stock,2024/01/05 19:43:34
8dbdab81-5aa1-4e7e-9bf1-5094118e8ad2,"ONE SIZE - H6"" X W9""",45.0,In Stock,2024/01/05 19:43:35
27965c50-d565-4962-a033-8d0b8c9e6366,"MEDIUM - H18"" X W7""",55.0,In Stock,2024/01/05 19:43:37
06b8f3e5-3ed4-4036-832d-8b03a5094c41,"LARGE - H9"" X W25""",110.0,In Stock,2024/01/05 19:43:39
fd380970-69aa-4e15-aca6-11cf4b5666fd,"HUGE - H7"" X W26""",120.0,In Stock,2024/01/05 19:43:41
fd380970-69aa-4e15-aca6-11cf4b5666fd,"LARGE - H5"" X W20""",65.0,In Stock,2024/01/05 19:43:41
fd380970-69aa-4e15-aca6-11cf4b5666fd,"LITTLE - H3"" X W12""",32.5,In Stock,2024/01/05 19:43:41
ab69c288-ed3b-4c64-864e-8b808688d26f,"ONE SIZE - H5"" X W9""",28.0,In Stock,2024/01/05 19:43:42
ccf6e693-aa04-4ae8-9c8a-1a28741dc241,"ONE SIZE - H5"" X W9""",28.0,In Stock,2024/01/05 19:43:44
32547ee5-956b-48b3-bbb9-557a08e266a0,"ONE SIZE - H7"" X W2""",23.0,In Stock,2024/01/05 19:43:45
111ae895-def7-416c-b2f1-4f2c842eab04,"ONE SIZE - H5"" X W9""",28.0,In Stock,2024/01/05 19:43:47
8eaccf79-d3ef-45f9-bec5-335618f7e773,"ONE SIZE - H5"" X W9""",28.0,In Stock,2024/01/05 19:43:49
6d9bfd4e-c02d-4201-a02e-d671e295c77e,"ONE SIZE - H8"" X W9""",40.0,In Stock,2024/01/05 19:43:50
19801cc3-afef-4294-8879-0ae11adc672f,"MEDIUM - H12"" X W5""",32.0,In Stock,2024/01/05 19:43:52
19801cc3-afef-4294-8879-0ae11adc672f,"SMALL - H7"" X W4""",25.0,In Stock,2024/01/05 19:43:52
cebf88e8-8cf7-4dbc-9bd6-f188e30c79be,"ONE SIZE - H9"" X W8""",40.0,In Stock,2024/01/05 19:43:53
d4ba9e20-e6b0-4b8d-bf14-c57836e78f3d,"ONE SIZE - H2"" X W5""",20.0,In Stock,2024/01/05 19:43:55
77255dd9-ee45-495e-bf3e-9e9da60e3d1b,"MEDIUM - H10"" X W7""",40.0,In Stock,2024/01/05 19:43:56
e53f4974-0e86-4f1f-bf60-bad46c3fc507,"ONE SIZE - H14"" X W9""",55.0,In Stock,2024/01/05 19:43:58
5ab6f048-aab2-4451-b884-7591302c32a9,"ONE SIZE - H5"" X W6""",28.0,In Stock,2024/01/05 19:44:00
2cf43576-b56a-4a34-9197-6d45fa627582,"MEDIUM - H10"" X W5""",45.0,In Stock,2024/01/05 19:44:01
1d140919-9244-48db-b504-c4fdb76511f6,"MEDIUM - H12"" X W5""",28.0,In Stock,2024/01/05 19:44:03
08e2fce1-4590-4bb1-a95c-8b2599e1a565,"MEDIUM - H12"" X W5""",28.0,In Stock,2024/01/05 19:44:05
08e2fce1-4590-4bb1-a95c-8b2599e1a565,"SMALL - H7"" X W4""",18.0,In Stock,2024/01/05 19:44:05
cfff498a-2f9e-4d1f-9fcc-6a78146b7ab0,"MEDIUM - H12"" X W5""",28.0,In Stock,2024/01/05 19:44:07
cfff498a-2f9e-4d1f-9fcc-6a78146b7ab0,"SMALL - H7"" X W4""",18.0,In Stock,2024/01/05 19:44:07
6449ed8f-2544-41e7-ad70-f2220121c7dc,"SMALL - H7"" X W4""",28.0,In Stock,2024/01/05 19:44:08
ceccb891-a3d1-49b2-9228-97632b9744c6,"SMALL - H7"" X W4""",28.0,In Stock,2024/01/05 19:44:10
50e4da6b-900a-4181-bc42-339958314db2,"ONE SIZE - H7"" X W7""",15.0,In Stock,2024/01/05 19:44:11
5d6ae860-7f28-4cf1-8918-cfb4f679586e,"MEDIUM - H12"" X W5""",28.0,In Stock,2024/01/05 19:44:13
5d6ae860-7f28-4cf1-8918-cfb4f679586e,"SMALL - H7"" X W4""",18.0,In Stock,2024/01/05 19:44:13
5d777baa-8e18-422d-9a38-33de65f35ae4,"ONE SIZE - H5"" X W5""",28.0,In Stock,2024/01/05 19:44:15
f59b631c-2234-4e65-9324-0f4e550ba404,"ONE SIZE - H11"" X W3""",32.5,In Stock,2024/01/05 19:44:16
0df81ba6-c223-43ff-a956-4d8d3e2affc7,"ONE SIZE - H7"" X W5""",32.5,In Stock,2024/01/05 19:44:18
282a9853-9f73-4d13-b43a-e0c50084d03b,"MEDIUM - H10"" X W7""",40.0,In Stock,2024/01/05 19:44:20
78bc7e00-46ec-4550-8c7e-7a3eab4f232d,"LARGE - H14"" X W8""",50.0,In Stock,2024/01/05 19:44:21
e5565c60-b84a-4dc2-bfa0-21ef5ac7ca8e,"MEDIUM - H12"" X W5""",28.0,In Stock,2024/01/05 19:44:23
efc80ed0-055c-406a-91f5-6767718dbedf,"ONE SIZE - H6"" X W6""",13.5,In Stock,2024/01/05 19:44:24
6f90ed9b-db08-4479-a32c-c9af8a12bf38,"ONE SIZE - H4"" X W2""",23.0,In Stock,2024/01/05 19:44:26
3b8f291a-2308-4230-b544-5b9cd4ab1aee,"ONE SIZE - H9"" X W9""",15.0,In Stock,2024/01/05 19:44:27
1e53de97-ab20-4418-92f8-cc01264f029e,"ONE SIZE - H8"" X W8""",15.0,In Stock,2024/01/05 19:44:29
6955af49-be61-41ba-829d-b8c4685b81c4,"ONE SIZE - H7"" X W7""",15.0,In Stock,2024/01/05 19:44:31
bbceca6c-d8f3-4896-96a6-e0392c0877c6,"ONE SIZE - H8"" X W8""",15.0,In Stock,2024/01/05 19:44:33
30a25554-b1cf-43ef-a8b8-d4b5b981541e,"ONE SIZE - H9"" X W4""",30.0,In Stock,2024/01/05 19:44:35
2252122e-6680-4b22-8835-2cba863fbfb9,"ONE SIZE - H9"" X W4""",30.0,In Stock,2024/01/05 19:44:37
779479a1-e7a9-4fed-89fa-0c703a2c1873,"ONE SIZE - H12"" X W6""",55.0,In Stock,2024/01/05 19:44:39
2ab45afa-4ff1-4051-a62b-5ba54599399d,"ONE SIZE - H10"" X W2""",32.5,In Stock,2024/01/05 19:44:41
4edb279b-d0a2-48a1-9f25-badb5c25cce1,"ONE SIZE - H7"" X W3""",25.0,In Stock,2024/01/05 19:44:42
439e7d4c-af9e-4703-8add-415dcbfd568e,"ONE SIZE - H7"" X W3""",25.0,In Stock,2024/01/05 19:44:44
711427a1-ba54-4e50-b001-873e065dac19,"ONE SIZE - H6"" X W4""",28.0,In Stock,2024/01/05 19:44:45
067fde38-76ba-46ce-be07-6c7cbcc0533c,"ONE SIZE - H6"" X W4""",28.0,In Stock,2024/01/05 19:44:47
856a6b1b-3f33-413a-978b-593b812cc47a,"ONE SIZE - H6"" X W4""",28.0,In Stock,2024/01/05 19:44:48
7aceb116-eddc-4e5d-8f37-f233d5601203,"ONE SIZE - H11"" X W4""",40.0,In Stock,2024/01/05 19:44:50
96c946af-bf5c-47b1-bcbe-0bd947ad19fd,"ONE SIZE - H11"" X W25""",150.0,In Stock,2024/01/05 19:44:52
369519a6-77f6-4221-b09a-e214350b2607,"ONE SIZE - H10"" X W6""",45.0,In Stock,2024/01/05 19:44:54
13cc51a0-7b2f-4df6-907a-d663fd22e79c,"ONE SIZE - H13"" X W13""",65.0,In Stock,2024/01/05 19:44:55
5b961e9c-0847-46b2-af33-e811eb5631a9,"ONE SIZE - H7"" X W4""",22.0,In Stock,2024/01/05 19:44:57
a6047525-6bb6-4787-bd99-42f4537eba1a,"ONE SIZE - H6"" X W10""",35.0,In Stock,2024/01/05 19:44:58
8cac2560-9e70-423d-880c-540fb805e4e4,"ONE SIZE - H4"" X W6""",25.0,In Stock,2024/01/05 19:45:00
b46fe680-f345-4ae2-80f9-b46beb33bfe4,"ONE SIZE - H4"" X W2""",23.0,In Stock,2024/01/05 19:45:02
48eb4cd4-82b7-463c-b62e-c05eba506e3b,"ONE SIZE - H7"" X W7""",40.0,In Stock,2024/01/05 19:45:04
c98b0af1-7672-42f1-ba12-0db65ffcfdb8,"ONE SIZE - H19"" X W7""",75.0,In Stock,2024/01/05 19:45:06
d5bfbeb7-e689-4fa0-9931-0fb749db4aaf,"ONE SIZE - H7"" X W7""",32.5,In Stock,2024/01/05 19:45:07
cf810cc1-2348-46b4-aa8f-e26309245995,"ONE SIZE - H13"" X W13""",25.0,In Stock,2024/01/05 19:45:10
66de16cf-adfa-4688-8753-d7bf9aa910c7,"SMALL - H3"" X W14""",27.5,In Stock,2024/01/05 19:45:12
ad452766-ac0e-488f-9b0f-cf66d8b7938f,"ONE SIZE - H3"" X W11""",28.0,In Stock,2024/01/05 19:45:13
b8e7fde1-cbe3-4b46-bcd3-f6702ddba60e,"ONE SIZE - H11"" X W8""",40.0,In Stock,2024/01/05 19:45:15
ca85a3de-fd85-48c9-8b05-0bb808ac5606,"ONE SIZE - H19"" X W7""",75.0,In Stock,2024/01/05 19:45:17
f0a529bc-1c36-4bbc-82d2-cd9d7a70c109,"REALLY BIG - H30"" X W12""",130.0,In Stock,2024/01/05 19:45:22
f0a529bc-1c36-4bbc-82d2-cd9d7a70c109,"LARGE - H19"" X W7""",53.0,In Stock,2024/01/05 19:45:22
f0a529bc-1c36-4bbc-82d2-cd9d7a70c109,"LITTLE - H9"" X W4""",30.0,Returning to stock 3-4 weeks,2024/01/05 19:45:22
f0a529bc-1c36-4bbc-82d2-cd9d7a70c109,"TINY - H6"" X W3""",18.0,Returning to stock 3-4 weeks,2024/01/05 19:45:22
5b0d9121-af88-48ef-bc88-a7427bfd05dc,"ONE SIZE - H7"" X W6""",30.0,In Stock,2024/01/05 19:45:24
f5d93b39-2838-4670-bafe-ed0a45f3d566,"ONE SIZE - H4"" X W2""",17.0,In Stock,2024/01/05 19:45:25
74d7c73d-2494-4f74-aa38-35a0e68544da,"MEDIUM - H10"" X W5""",30.0,In Stock,2024/01/05 19:45:27
a3a414ed-9576-4f95-b315-e7a18b79b979,"MEDIUM - H12"" X W5""",27.5,In Stock,2024/01/05 19:45:28
5c1d633b-3c26-4d38-99b3-7df99a3c261c,"HUGE - H20"" X W8""",85.0,In Stock,2024/01/05 19:45:30
5c1d633b-3c26-4d38-99b3-7df99a3c261c,"MEDIUM - H12"" X W5""",35.0,In Stock,2024/01/05 19:45:30
1316ef1c-3e8f-4bf7-9875-c07847677489,"TINY - H5"" X W2""",15.0,In Stock,2024/01/05 19:45:32
fce910b5-0de1-46d8-bcb2-79332bde1495,"ONE SIZE - H7"" X W7""",15.0,In Stock,2024/01/05 19:45:33
4968dd8c-c8b5-456c-a746-17ea5b3d24c2,"ONE SIZE - H7"" X W9""",15.0,In Stock,2024/01/05 19:45:35
f443b1da-5279-447b-8e7a-fb455a063e25,"ONE SIZE - H8"" X W8""",15.0,In Stock,2024/01/05 19:45:37
185286c5-d4e7-489a-9ef3-6e3ab43d2bec,"ONE SIZE - H8"" X W8""",15.0,In Stock,2024/01/05 19:45:38
c79ef69c-d4db-4c6f-b799-dfa0a1b89d1b,"ONE SIZE - H4"" X W2""",12.5,In Stock,2024/01/05 19:45:40
31fb77a4-c5a4-48fd-84f0-efefb7ab24cb,"ONE SIZE - H17"" X W5""",60.0,In Stock,2024/01/05 19:45:41
3fdc2ad4-f328-47cd-b60f-6ded3b8a23f0,"ONE SIZE - H11"" X W4""",37.5,In Stock,2024/01/05 19:45:43
ef078a3b-e967-4d3a-bc59-caab457959bc,"ONE SIZE - H8"" X W5""",32.5,In Stock,2024/01/05 19:45:45
8f34e0d1-51ee-4026-bfec-705c37106b86,"ONE SIZE - H7"" X W4""",27.5,In Stock,2024/01/05 19:45:46
aa886bda-fea7-4673-8974-b90206cf1492,"ONE SIZE - H7"" X W4""",27.5,In Stock,2024/01/05 19:45:48
1f454d6e-9fcc-47d3-8ec4-1e20d63f9130,"ONE SIZE - H8"" X W5""",37.5,In Stock,2024/01/05 19:45:49
bb7cc1cb-2ef9-4b78-ac8a-c5d9ea5e29e7,"ONE SIZE - H6"" X W3""",32.5,In Stock,2024/01/05 19:45:51
2b84fc06-65ca-4813-b58d-78e3cc10ac8e,"HUGE - H20"" X W8""",91.0,In Stock,2024/01/05 19:45:53
d76f5a02-a688-400d-9aed-abd395570f83,"MEDIUM - H12"" X W5""",41.0,In Stock,2024/01/05 19:45:55
c89df07f-45b5-4bb6-a2d2-9685812a4938,"ONE SIZE - H9"" X W3""",32.5,In Stock,2024/01/05 19:45:57
8224de2a-f2b9-4ed3-bee1-603c1765a19c,"ONE SIZE - H6"" X W5""",35.0,In Stock,2024/01/05 19:45:58
e080ec35-78ba-4fcb-b5bb-7af1df259bb7,ONE SIZE,47.5,In Stock,2024/01/05 19:46:00
06caa429-519c-4732-b26b-00d0d95674a8,"ONE SIZE - H4"" X W4""",20.0,In Stock,2024/01/05 19:46:01
070e4a30-8781-44b3-8af4-f54f808c0a97,"ONE SIZE - H4"" X W4""",20.0,In Stock,2024/01/05 19:46:03
9d00ac97-3bc5-4ade-9e13-36d195de7a79,"ONE SIZE - H4"" X W4""",20.0,In Stock,2024/01/05 19:46:04
8e052dab-cfb3-4971-8f95-9ea1b16f0e95,"HUGE - H20"" X W8""",85.0,More on the way,2024/01/05 19:46:06
8e052dab-cfb3-4971-8f95-9ea1b16f0e95,"MEDIUM - H12"" X W5""",35.0,In Stock,2024/01/05 19:46:06
4a49fb13-ac1d-4415-bb48-a2f4ffe72c5c,"MEDIUM - H11"" X W5""",28.0,In Stock,2024/01/05 19:46:08
d11ccfe0-b062-4165-8ff5-53ca8c31b374,"HUGE - H20"" X W8""",85.0,In Stock,2024/01/05 19:46:10
d11ccfe0-b062-4165-8ff5-53ca8c31b374,"MEDIUM - H12"" X W5""",35.0,In Stock,2024/01/05 19:46:10
83ac2537-e401-4205-8f8c-0d2bc31860e9,"ONE SIZE - H4"" X W3""",17.0,In Stock,2024/01/05 19:46:12
05b7b473-db1b-4450-bb1a-2aecd703e71d,"ONE SIZE - H4"" X W3""",17.0,In Stock,2024/01/05 19:46:13
330be524-4a5c-4002-9c99-aec38ca35434,"ONE SIZE - H16"" X W4""",37.5,In Stock,2024/01/05 19:46:15
b4c21ecb-84d2-4f89-ab2b-b3d3d34cecff,"ONE SIZE - H8"" X W6""",28.5,In Stock,2024/01/05 19:46:16
658f5f37-8b96-4e92-85ba-c1905798cf55,"ONE SIZE - H8"" X W6""",28.5,In Stock,2024/01/05 19:46:18
fe18932b-d73d-485d-88d7-a721b15aef3f,"ONE SIZE - H9"" X W4""",25.0,In Stock,2024/01/05 19:46:20
490015e6-5ce0-4374-89a1-e5daf779f531,"ONE SIZE - H10"" X W6""",35.0,In Stock,2024/01/05 19:46:21
a9207e4a-2ce5-4f0c-bbda-52192678444f,"ONE SIZE - H4"" X W10""",30.0,In Stock,2024/01/05 19:46:23
dbb852f4-ea62-44b2-a960-0b522f5aae3a,"ONE SIZE - H9"" X W4""",35.0,In Stock,2024/01/05 19:46:24
8e5d7944-390d-43ca-8019-e28a625ddbfc,"ONE SIZE - H17"" X W6""",35.0,In Stock,2024/01/05 19:46:26
42b70e68-7b23-4a31-b975-232cc62cf624,"ONE SIZE - H8"" X W4""",23.5,In Stock,2024/01/05 19:46:27
335d8182-8189-408a-ac2b-15bdb46d2a46,"ONE SIZE - H8"" X W4""",23.5,In Stock,2024/01/05 19:46:29
a6569f43-46de-4677-b414-1724bc66b327,"MEDIUM - H11"" X W5""",38.0,In Stock,2024/01/05 19:46:31
7ce3d283-9c07-4983-9540-7aec532a80f4,"HUGE - H7"" X W26""",120.0,In Stock,2024/01/05 19:46:33
7ce3d283-9c07-4983-9540-7aec532a80f4,"MEDIUM - H5"" X W20""",65.0,In Stock,2024/01/05 19:46:33
7ce3d283-9c07-4983-9540-7aec532a80f4,"LITTLE - H3"" X W12""",32.5,In Stock,2024/01/05 19:46:33
01731fa4-8992-4e4f-b313-72a80b501e98,"ONE SIZE - H13"" X W2""",35.0,In Stock,2024/01/05 19:46:35
dd854eed-c591-4c38-94f0-8519e1ea23e8,"ONE SIZE - H13"" X W2""",32.5,In Stock,2024/01/05 19:46:36
10fb0546-cb17-4358-af5e-dd9c4defffb9,"ONE SIZE - H9"" X W25""",70.0,In Stock,2024/01/05 19:46:38
0c36c8a3-e28d-4422-87f1-f9a86593ced8,"ONE SIZE - H13"" X W12""",65.0,In Stock,2024/01/05 19:46:40
befe7dab-bc64-4d95-bc64-0c4b9721b05c,"HUGE - H20"" X W8""",91.0,In Stock,2024/01/05 19:46:41
5f0ebc93-bff6-4a08-9dfd-72f95c4b1192,"MEDIUM - H12"" X W5""",41.0,In Stock,2024/01/05 19:46:44
3b7776c5-6ece-4dd5-8ece-ea1b09eab83d,"MEDIUM - H12"" X W5""",41.0,In Stock,2024/01/05 19:46:45
fd902127-1b2d-4bd4-a376-541b7ecc31bd,"HUGE - H7"" X W26""",126.0,In Stock,2024/01/05 19:46:47
f2adf5ca-1160-47f6-aee4-d957737ac4ec,"ONE SIZE - H9"" X W4""",33.0,In Stock,2024/01/05 19:46:49
f6605421-3364-45e0-9937-128d65bbafad,"ONE SIZE - H10"" X W6""",35.0,In Stock,2024/01/05 19:46:50
f1a333bf-8850-406e-aee5-ce545448f7b5,"ONE SIZE - H10"" X W6""",35.0,In Stock,2024/01/05 19:46:52
4d7be534-5de5-4932-9bc1-7f6cf1a26c8f,"ONE SIZE - H22"" X W6""",40.0,In Stock,2024/01/05 19:46:54
0880f6dc-c87b-4f2f-9bb1-c1a2bed2b93e,"ONE SIZE - H7"" X W4""",30.0,In Stock,2024/01/05 19:46:55
40c302d4-8d52-4a54-a89d-13618d64bf22,"ONE SIZE - H6"" X W3""",20.0,In Stock,2024/01/05 19:46:57
4c380eab-7420-4dc7-8c8d-9202040aa95e,"ONE SIZE - H10"" X W4""",27.5,In Stock,2024/01/05 19:46:58
aad1b962-9cba-4aac-a144-f08e97630a51,"ONE SIZE - H5"" X W14""",30.0,In Stock,2024/01/05 19:47:00
b6089a20-af61-4d2a-9589-adf070d42015,"MEDIUM - H12"" X W5""",28.0,In Stock,2024/01/05 19:47:02
b6089a20-af61-4d2a-9589-adf070d42015,"SMALL - H7"" X W4""",18.0,In Stock,2024/01/05 19:47:02
ffcfd5de-f815-4dac-b351-547adfeaf7eb,"MEDIUM - H12"" X W5""",28.0,In Stock,2024/01/05 19:47:05
ffcfd5de-f815-4dac-b351-547adfeaf7eb,"SMALL - H7"" X W4""",18.0,In Stock,2024/01/05 19:47:05
cb1fddf3-98c6-42ce-8556-da34a82bedd1,"ONE SIZE - H7"" X W7""",15.0,In Stock,2024/01/05 19:47:06
12a6009c-eb2b-414a-9c14-46f2ea60df31,"ONE SIZE - H8"" X W13""",33.0,In Stock,2024/01/05 19:47:08
ec4fd2e2-d942-46b2-b7e4-4078eff129d7,"ONE SIZE - H6"" X W3""",23.5,In Stock,2024/01/05 19:47:09
f0c6cdb8-ee09-417e-8b0f-07c816f93a26,"ONE SIZE - H7"" X W5""",25.0,In Stock,2024/01/05 19:47:11
ae156e95-da80-4c13-8275-85265d183562,"ONE SIZE - H9"" X W5""",35.0,In Stock,2024/01/05 19:47:13
69bf6cac-ae5a-4edd-91dc-ac6ec70c0a81,"ONE SIZE - H6"" X W3""",20.0,In Stock,2024/01/05 19:47:14
6bd0dd4a-7589-43ca-9ed5-1cc6b9ec65ef,"ONE SIZE - H5"" X W2""",20.0,In Stock,2024/01/05 19:47:16
40545112-2b3e-4024-a2ae-a0e8a4e8c26b,"MEDIUM - H12"" X W5""",38.0,In Stock,2024/01/05 19:47:18
273e95bf-9628-4715-bcf2-f8893c6e8c47,"MEDIUM - H12"" X W5""",38.0,In Stock,2024/01/05 19:47:20
736b5975-e0bf-4429-bd83-f2c172369756,"MEDIUM - H12"" X W5""",38.0,In Stock,2024/01/05 19:47:21
322c5d11-b973-41b9-ae9c-647803bdba14,"MEDIUM - H12"" X W5""",38.0,In Stock,2024/01/05 19:47:23
700fbd7a-7056-42b8-9dc4-9c1d3fafe797,"MEDIUM - H12"" X W5""",38.0,In Stock,2024/01/05 19:47:26
06a9c3e6-4b7c-4a60-8525-a13ea6931814,"ONE SIZE - H3"" X W6""",25.0,In Stock,2024/01/05 19:47:27
a1ee1835-13b6-412a-82a6-32ddabd8ad46,"ONE SIZE - H4"" X W6""",35.0,In Stock,2024/01/05 19:47:29
7beb3e3e-2dd3-4891-bc30-9d5ed05de3e2,"MEDIUM - H12"" X W5""",34.0,In Stock,2024/01/05 19:47:31
8e1529a9-8eda-4508-9b0e-9df2d4637848,"MEDIUM - H12"" X W5""",34.0,In Stock,2024/01/05 19:47:34
7a4ea8a5-116d-4b04-8139-fb688b50bed2,"ONE SIZE - H6"" X W3""",17.5,In Stock,2024/01/05 19:47:36
be2c8b7f-6aa3-4297-a1d4-575688a073bd,"ONE SIZE - H6"" X W3""",17.5,In Stock,2024/01/05 19:47:37
720e3728-6ab5-4425-bfec-640439d3e8fd,"ONE SIZE - H5"" X W3""",17.5,In Stock,2024/01/05 19:47:39
fc57223a-21f0-463d-9410-189ca8c5c25f,"ONE SIZE - H6"" X W3""",24.0,In Stock,2024/01/05 19:47:40
4352498c-1ef6-4db2-bab4-93d5515442ad,"ONE SIZE - H9"" X W5""",35.0,In Stock,2024/01/05 19:47:42
ecef4189-5495-4814-b975-1398ec89dc9d,"ONE SIZE - H9"" X W4""",35.0,In Stock,2024/01/05 19:47:44
15a1396d-9962-4d58-9d8e-ec8eaca96510,"ONE SIZE - H5"" X W4""",20.0,In Stock,2024/01/05 19:47:45
a72dad64-24cf-4146-9da1-885112d63b5a,"MEDIUM - H11"" X W5""",32.5,In Stock,2024/01/05 19:47:47
a72dad64-24cf-4146-9da1-885112d63b5a,"SMALL - H7"" X W2""",22.0,Out of stock,2024/01/05 19:47:47
6e5dfe6f-dbae-4316-9729-e45d923677e0,"MEDIUM - H12"" X W5""",28.0,In Stock,2024/01/05 19:47:49
6e5dfe6f-dbae-4316-9729-e45d923677e0,"SMALL - H7"" X W4""",18.0,In Stock,2024/01/05 19:47:49
d97021fd-a125-44af-85ac-091128a82a65,"MEDIUM - H12"" X W5""",28.0,In Stock,2024/01/05 19:47:52
d97021fd-a125-44af-85ac-091128a82a65,"SMALL - H7"" X W4""",18.0,Out of stock,2024/01/05 19:47:52
b32e4919-7e90-4b1e-a176-beca56ba17ed,"MEDIUM - H12"" X W5""",28.0,In Stock,2024/01/05 19:47:53
d71a23de-a5dd-4d33-9c7d-acde437acbd6,"ONE SIZE - H6"" X W2""",20.0,In Stock,2024/01/05 19:47:55
cc62ec2e-3843-464c-ba1f-db37b6abc67e,"ONE SIZE - H11"" X W3""",28.0,In Stock,2024/01/05 19:47:57
21d24f67-c0a7-41ca-9159-95fbedd00117,"ONE SIZE - H11"" X W3""",28.0,In Stock,2024/01/05 19:47:58
b05b01b4-7805-4c5a-bda2-87e40027641e,"ONE SIZE - H6"" X W6""",20.0,In Stock,2024/01/05 19:48:00
8888fd35-75c8-431b-b3c6-2c38e161fd9e,"ONE SIZE - H6"" X W6""",20.0,In Stock,2024/01/05 19:48:01
a04bcb34-9d40-44d7-a704-44a8d02c16aa,"ONE SIZE - H9"" X W4""",30.0,In Stock,2024/01/05 19:48:03
5dd3fa6e-b887-49c3-896e-c6b058070fa0,"ONE SIZE - H17"" X W6""",75.0,In Stock,2024/01/05 19:48:05
0088e4f7-4211-4ca5-90d7-82e48f835954,"ONE SIZE - H7"" X W2""",25.0,In Stock,2024/01/05 19:48:07
b44fc45d-39da-47c1-a06b-8529c12a98dc,"ONE SIZE - H11"" X W5""",32.5,In Stock,2024/01/05 19:48:08
d0d1b492-cdde-4db4-ae93-28ca08db8f66,"ONE SIZE - H5"" X W10""",27.5,In Stock,2024/01/05 19:48:10
65a19b96-ae5c-4d65-9403-9f3d294c97bf,"ONE SIZE - H19"" X W6""",40.0,In Stock,2024/01/05 19:48:12
dbacbf3d-7bf1-4ba3-b18e-1bd0c8b264e8,"ONE SIZE - H5"" X W6""",17.5,In Stock,2024/01/05 19:48:13
047fb23f-3c25-4e82-8d99-f605df9a406e,"ONE SIZE - H5"" X W6""",17.5,In Stock,2024/01/05 19:48:15
9ea4bb1a-35a2-422c-b041-7d43b1bb558b,"ONE SIZE - H5"" X W6""",17.5,In Stock,2024/01/05 19:48:17
219d6ba0-23eb-41b7-bbe1-39370a2942e6,"ONE SIZE - H7"" X W6""",32.5,In Stock,2024/01/05 19:48:18
de896fe2-4b0c-4e82-a07d-60a122282d33,"ONE SIZE - H8"" X W4""",32.5,In Stock,2024/01/05 19:48:20
9785ceae-d815-478f-a434-6d7f21203b65,"ONE SIZE - H7"" X W4""",32.5,In Stock,2024/01/05 19:48:21
4c2f6d79-9931-44cd-b450-a67624d366bb,"LARGE - H7"" X W7""",30.0,Out of stock,2024/01/05 19:48:23
4c2f6d79-9931-44cd-b450-a67624d366bb,"SMALL - H5"" X W7""",22.0,In Stock,2024/01/05 19:48:23
e11dfd4e-324d-4d48-a13b-97a66afa1268,"ONE SIZE - H16"" X W4""",40.0,In Stock,2024/01/05 19:48:25
2b2e5050-da30-413e-8ed2-9f315ca20d1d,"ONE SIZE - H11"" X W6""",40.0,In Stock,2024/01/05 19:48:27
de240378-5126-4431-a407-88ea8a5d608d,"ONE SIZE - H11"" X W4""",35.0,In Stock,2024/01/05 19:48:28
eafaf861-7fb4-45e9-b034-0e31efbd77ed,"ONE SIZE - H8"" X W16""",75.0,In Stock,2024/01/05 19:48:30
001d0026-2ac0-4e46-8545-b82fc5154d4b,"ONE SIZE - H8"" X W20""",85.0,In Stock,2024/01/05 19:48:31
b557d916-1d8d-4ed2-b085-30463de0f430,"MEDIUM - H12"" X W5""",38.0,In Stock,2024/01/05 19:48:33
82c694bd-828e-4850-a37c-2252b53f20e9,"MEDIUM - H12"" X W5""",38.0,In Stock,2024/01/05 19:48:35
a5195653-8f8a-488c-85c8-ce85a5e4d07a,"MEDIUM - H12"" X W5""",38.0,In Stock,2024/01/05 19:48:37
1d1e7134-2409-45f9-b3f5-d689842ba264,"MEDIUM - H12"" X W5""",38.0,In Stock,2024/01/05 19:48:39
241d6542-9a4b-4ca8-a8f7-55a65630b77c,"MEDIUM - H12"" X W5""",38.0,In Stock,2024/01/05 19:48:41
6a4a03e4-636b-4f0a-93f7-b6a9d0af263a,"MEDIUM - H12"" X W5""",38.0,In Stock,2024/01/05 19:48:43
7cabccdf-5018-4b97-af22-16a9ef1f9b82,"MEDIUM - H12"" X W5""",38.0,In Stock,2024/01/05 19:48:45
12daa467-44f7-4912-8830-87b7e00703ab,"ONE SIZE - H7"" X W4""",22.0,In Stock,2024/01/05 19:48:46
8a845251-3c42-4369-bdd3-329190803fab,"ONE SIZE - H23"" X W6""",39.5,In Stock,2024/01/05 19:48:48
ef0bf15b-7614-4fcf-8e85-7d8dda0aaa66,"ONE SIZE - H4"" X W6""",25.0,In Stock,2024/01/05 19:48:50
93ba3b4b-cd2a-4f86-81b6-305a96efbbe7,"ONE SIZE - H5"" X W3""",15.0,In Stock,2024/01/05 19:48:52
68ecb9f3-2711-496f-9a40-b44edc775f3c,"ONE SIZE - H5"" X W3""",15.0,In Stock,2024/01/05 19:48:53
7accdd5d-ceec-413a-864f-bc589ff08e80,"ONE SIZE - H9"" X W5""",32.5,In Stock,2024/01/05 19:48:55
3933435b-8656-48f0-9ff5-7b8b46be558d,"ONE SIZE - H10"" X W5""",30.0,In Stock,2024/01/05 19:48:56
4df4303f-7c10-4150-9816-afa5d1cfb055,"HUGE - H23"" X W7""",65.0,In Stock,2024/01/05 19:48:58
6ca677f3-1ba2-4eca-b04c-b956f9c8f886,"MEDIUM - H12"" X W5""",34.0,In Stock,2024/01/05 19:49:00
837a43a1-b435-43b8-8264-bee6391089d1,"MEDIUM - H12"" X W5""",34.0,In Stock,2024/01/05 19:49:02
14a94ee8-b4a6-4690-8d0f-f887ff79e762,"SMALL - H9"" X W4""",22.5,In Stock,2024/01/05 19:49:04
24d20e01-de5f-4a83-add3-068eb57d83f9,"ONE SIZE - H7"" X W4""",30.0,In Stock,2024/01/05 19:49:05
380e4390-3536-49c5-88e3-dd324d6c5132,"ONE SIZE - H6"" X W3""",32.5,In Stock,2024/01/05 19:49:07
dd8e3242-49e5-4f1f-adeb-bd28c31f1501,"ONE SIZE - H6"" X W3""",32.5,In Stock,2024/01/05 19:49:08
1b0531bc-a4a4-4203-870d-db734f51922c,"ONE SIZE - H9"" X W20""",68.5,In Stock,2024/01/05 19:49:10
b2e7c2d3-443d-48be-b619-dc668befb204,"ONE SIZE - H7"" X W13""",50.0,In Stock,2024/01/05 19:49:12
b2a47829-1b20-49ed-98c4-664b0150e362,"ONE SIZE - H11"" X W6""",36.0,In Stock,2024/01/05 19:49:13
96c0aced-d37a-440f-b69a-5e0a20f39558,"ONE SIZE - H3"" X W15""",33.0,In Stock,2024/01/05 19:49:15
09bf02f4-d887-48f4-9f2f-7c13dd9aa674,"ONE SIZE - H7"" X W22""",68.0,In Stock,2024/01/05 19:49:16
723c7ff8-a61e-4fe9-973e-e341205300ed,"ONE SIZE - H5"" X W3""",17.5,In Stock,2024/01/05 19:49:18
4ca76423-f3ec-46c6-8581-9bd252549c2e,"ONE SIZE - H4"" X W3""",17.0,In Stock,2024/01/05 19:49:19
9dbf91f9-bdad-4b1a-8fa7-c99ad7048429,"ONE SIZE - H8"" X W4""",28.5,In Stock,2024/01/05 19:49:21
5ac41fc4-1d4a-477e-acd5-17c3328b39c5,"ONE SIZE - H9"" X W6""",30.0,In Stock,2024/01/05 19:49:23
049b32c9-b176-42fc-86d6-c790b8998918,"ONE SIZE - H9"" X W6""",30.0,In Stock,2024/01/05 19:49:24
3075a683-76b6-4597-96d0-a59e304cdef1,"MEDIUM - H12"" X W5""",28.0,In Stock,2024/01/05 19:49:26
e68dd5b1-3153-4ab4-889b-c5fa49d7c855,"ONE SIZE - H6"" X W6""",13.5,In Stock,2024/01/05 19:49:27
c7b4ac38-c264-4b5f-909f-0dac3ecea7bb,"HUGE - H13"" X W13""",75.0,More on the way,2024/01/05 19:49:29
c7b4ac38-c264-4b5f-909f-0dac3ecea7bb,"MEDIUM - H7"" X W10""",30.0,In Stock,2024/01/05 19:49:29
ce105ad9-26b0-4f81-81fb-7876d94a81c5,"ONE SIZE - H19"" X W6""",75.0,In Stock,2024/01/05 19:49:31
23aae46b-1e46-4bc6-b095-a5cea5670743,"ONE SIZE - H18"" X W6""",75.0,In Stock,2024/01/05 19:49:33
6b1878e5-a7ab-482d-b60b-42b499f718f3,"ONE SIZE - H12"" X W4""",32.5,In Stock,2024/01/05 19:49:34
1fb90bd8-1de0-48a6-b8b7-04508184ccef,"ONE SIZE - H9"" X W8""",33.0,In Stock,2024/01/05 19:49:36
511f5fa1-cb70-4e18-96d4-8b4ca7c9f4ad,"ONE SIZE - H8"" X W4""",32.0,In Stock,2024/01/05 19:49:37
c37a5e54-a0be-4284-8ada-565672a07cdc,"ONE SIZE - H15"" X W9""",55.0,In Stock,2024/01/05 19:49:39
2f38a7c3-bf33-4a2e-a619-f4bde8d4d756,"ONE SIZE - H5"" X W5""",22.0,In Stock,2024/01/05 19:49:41
60cab7a9-ef8e-42dd-8359-10de27bc478d,"REALLY BIG - H17"" X W22""",175.0,In Stock,2024/01/05 19:49:43
60cab7a9-ef8e-42dd-8359-10de27bc478d,"HUGE - H13"" X W16""",130.0,In Stock,2024/01/05 19:49:43
60cab7a9-ef8e-42dd-8359-10de27bc478d,"SMALL - H4"" X W6""",22.0,Returning to stock next week,2024/01/05 19:49:43
1e5bb5f2-9e92-4789-a856-d98779eb9d25,"ONE SIZE - H9"" X W6""",45.0,In Stock,2024/01/05 19:49:45
3992ac50-5f3c-4276-be2d-a7a9b0179710,"ONE SIZE - H9"" X W6""",45.0,In Stock,2024/01/05 19:49:46
2712f9ee-97ab-481c-a99c-2d6843030e24,"ONE SIZE - H9"" X W4""",30.0,In Stock,2024/01/05 19:49:48
7bd761ed-a926-4817-8847-63da490f34b3,"ONE SIZE - H10"" X W4""",28.5,In Stock,2024/01/05 19:49:49
ed22f1fd-4b23-4175-aa43-5ea94af3c107,"ONE SIZE - H11"" X W10""",40.0,In Stock,2024/01/05 19:49:51
7e010174-4156-4f65-8f61-1137eab5b5c8,"ONE SIZE - H14"" X W5""",35.0,In Stock,2024/01/05 19:49:53
d492e78a-802f-44c9-afcf-1ac61c49d24d,"ONE SIZE - H6"" X W5""",32.0,In Stock,2024/01/05 19:49:54
94f070c7-72ba-4e9b-b6ee-6149e7fdcde0,"ONE SIZE - H9"" X W8""",32.5,In Stock,2024/01/05 19:49:56
4c1b49ac-f5ee-46d7-99d7-64e64377a4ce,"ONE SIZE - H14"" X W4""",30.0,In Stock,2024/01/05 19:49:58
df290942-aafd-4684-8556-7246abee618e,"ONE SIZE - H15"" X W4""",30.0,In Stock,2024/01/05 19:49:59
39c34027-2f2b-4461-817f-3b8b2ea0a8e3,"ONE SIZE - H16"" X W4""",30.0,In Stock,2024/01/05 19:50:01
9ad28100-8dc3-48bc-9bb9-427a147704f0,"HUGE - H7"" X W26""",120.0,In Stock,2024/01/05 19:50:03
9ad28100-8dc3-48bc-9bb9-427a147704f0,"MEDIUM - H5"" X W20""",65.0,In Stock,2024/01/05 19:50:03
9ad28100-8dc3-48bc-9bb9-427a147704f0,"LITTLE - H3"" X W12""",32.5,In Stock,2024/01/05 19:50:03
5f373595-cf01-4fc7-8ac5-7fb247e98871,"LARGE - H10"" X W12""",60.0,In Stock,2024/01/05 19:50:05
5f373595-cf01-4fc7-8ac5-7fb247e98871,"MEDIUM - H5"" X W7""",28.0,More on the way,2024/01/05 19:50:05
1499c358-78b3-4587-abc3-d541130c913e,"LARGE - H15"" X W5""",45.0,In Stock,2024/01/05 19:50:07
1499c358-78b3-4587-abc3-d541130c913e,"MEDIUM - H11"" X W4""",27.5,In Stock,2024/01/05 19:50:07
0d5482e1-5317-43b2-8d7f-e10539367a33,"ONE SIZE - H9"" X W5""",25.0,In Stock,2024/01/05 19:50:10
8a3103da-7956-4576-96c3-56b73840e7e8,"LARGE - H6"" X W18""",80.0,More on the way,2024/01/05 19:50:12
8a3103da-7956-4576-96c3-56b73840e7e8,"LITTLE - H3"" X W11""",35.0,In Stock,2024/01/05 19:50:12
e781bf1e-7c95-447e-ae1c-c10f3673123d,"ONE SIZE - H7"" X W4""",23.5,In Stock,2024/01/05 19:50:14
b969c9e3-55f9-4716-ab3f-3f1841a94ece,"ONE SIZE - H5"" X W6""",23.5,In Stock,2024/01/05 19:50:16
bf52a940-97f3-4f1a-82d1-a01671da4f73,"ONE SIZE - H7"" X W2""",23.5,In Stock,2024/01/05 19:50:17
a2629573-5817-4133-ba43-29949d69addf,"MEDIUM - H12"" X W5""",28.0,In Stock,2024/01/05 19:50:20
a2629573-5817-4133-ba43-29949d69addf,"SMALL - H7"" X W4""",18.0,Out of stock,2024/01/05 19:50:20
5c6af473-fe4d-4359-b310-a9ebe1513603,"MEDIUM - H12"" X W5""",28.0,In Stock,2024/01/05 19:50:22
5c6af473-fe4d-4359-b310-a9ebe1513603,"SMALL - H7"" X W4""",18.0,More on the way,2024/01/05 19:50:22
e0dd645d-c330-4482-979e-d779ee99eac6,"MEDIUM - H12"" X W5""",28.0,More on the way,2024/01/05 19:50:24
e0dd645d-c330-4482-979e-d779ee99eac6,"SMALL - H7"" X W4""",18.0,In Stock,2024/01/05 19:50:24
f7fb6f93-d855-4c70-9c87-7fbe89af1fdb,"ONE SIZE - H7"" X W7""",15.0,In Stock,2024/01/05 19:50:26
92c631e6-6143-4291-91dd-48c1e31a8505,"MEDIUM - H12"" X W5""",28.0,In Stock,2024/01/05 19:50:30
92c631e6-6143-4291-91dd-48c1e31a8505,"SMALL - H7"" X W4""",18.0,More on the way,2024/01/05 19:50:30
7d71a983-9401-4e04-a1df-28fbfce93896,"MEDIUM - H12"" X W5""",28.0,In Stock,2024/01/05 19:50:31
7d71a983-9401-4e04-a1df-28fbfce93896,"SMALL - H7"" X W4""",18.0,Returning to stock 2-3 months,2024/01/05 19:50:31
a7fe74df-4045-467f-94c7-ba1bd02237b1,"HUGE - H20"" X W8""",80.0,In Stock,2024/01/05 19:50:34
a7fe74df-4045-467f-94c7-ba1bd02237b1,"MEDIUM - H12"" X W5""",28.0,More on the way,2024/01/05 19:50:34
a7fe74df-4045-467f-94c7-ba1bd02237b1,"SMALL - H7"" X W4""",18.0,In Stock,2024/01/05 19:50:34
4c7599a5-50e7-4904-a35d-60450c672542,"MEDIUM - H12"" X W5""",38.0,In Stock,2024/01/05 19:50:35
df4b9117-5d3c-435f-b506-698899a6f5d4,"MEDIUM - H12"" X W5""",38.0,In Stock,2024/01/05 19:50:37
8f017944-e09f-4e71-a54c-ff4e3868a0c3,"MEDIUM - H12"" X W5""",38.0,In Stock,2024/01/05 19:50:39
08cb9924-6974-4a47-bab9-adef8da2d2d1,"MEDIUM - H12"" X W5""",38.0,In Stock,2024/01/05 19:50:41
f11adc1a-2635-426b-a94c-ee8689506f43,"MEDIUM - H12"" X W5""",38.0,In Stock,2024/01/05 19:50:43
f3381c5f-e820-46a1-89d8-d63327d35633,"MEDIUM - H12"" X W5""",38.0,In Stock,2024/01/05 19:50:45
cd4e98dc-3a56-418a-9dcb-ed6608e19e53,"MEDIUM - H12"" X W5""",38.0,In Stock,2024/01/05 19:50:47
2ed1a669-86fb-4c85-88bf-3747885e9caa,"MEDIUM - H12"" X W5""",38.0,In Stock,2024/01/05 19:50:49
0810cf57-9a3b-4b08-86ac-ee255246201c,"MEDIUM - H12"" X W5""",38.0,In Stock,2024/01/05 19:50:51
84a5dcd8-acbb-4443-8f32-0593fd99f688,"MEDIUM - H12"" X W5""",38.0,In Stock,2024/01/05 19:50:53
9be441eb-9529-43bc-8e12-e461edc01f3d,"MEDIUM - H12"" X W5""",38.0,In Stock,2024/01/05 19:50:55
8c248f2a-7545-42cd-80e3-129e3b9e9a20,"MEDIUM - H12"" X W5""",38.0,In Stock,2024/01/05 19:50:57
b4bbd8ff-23cb-45cb-91ac-e608c1fb731c,"MEDIUM - H12"" X W5""",34.0,In Stock,2024/01/05 19:50:58
2497780c-90b3-4cc1-99ac-98244f45ff1d,"MEDIUM - H12"" X W5""",34.0,In Stock,2024/01/05 19:51:00
12e51ec5-c310-4174-8f2d-38f4ddd8ee74,"MEDIUM - H11"" X W5""",32.5,In Stock,2024/01/05 19:51:02
12e51ec5-c310-4174-8f2d-38f4ddd8ee74,"SMALL - H7"" X W2""",22.0,In Stock,2024/01/05 19:51:02
2eae0a2f-394e-46cb-b2c9-2253753c5553,"MEDIUM - H12"" X W5""",28.0,In Stock,2024/01/05 19:51:04
2eae0a2f-394e-46cb-b2c9-2253753c5553,"SMALL - H7"" X W4""",18.0,In Stock,2024/01/05 19:51:04
f751bb40-d3b4-4d36-bab1-a9df31975382,"ONE SIZE - H6"" X W6""",13.5,In Stock,2024/01/05 19:51:06
0a474455-159d-4bb0-9fd4-52c7180f87f4,"ONE SIZE - H10"" X W9""",17.0,In Stock,2024/01/05 19:51:07
c634715e-2b10-4440-a4c0-bde3d4c7d907,"ONE SIZE - H8"" X W4""",25.0,In Stock,2024/01/05 19:51:09
6a36fcd7-05a2-4a66-b9a1-bcd47e287ed2,"MEDIUM - H6"" X W5""",38.0,In Stock,2024/01/05 19:51:11
6a36fcd7-05a2-4a66-b9a1-bcd47e287ed2,"SMALL - H3"" X W2""",15.0,More on the way,2024/01/05 19:51:11
83c612a7-a6e4-4aa0-a135-251e8849bcd5,"ONE SIZE - H13"" X W13""",25.0,In Stock,2024/01/05 19:51:12
147abcc8-bd2f-4c22-927f-2c4b122a57a4,"MEDIUM - H12"" X W5""",38.0,In Stock,2024/01/05 19:51:14
5f6af8d1-3108-460b-9e34-83562422ed49,"MEDIUM - H12"" X W5""",38.0,In Stock,2024/01/05 19:51:16
317f74c5-a405-4260-a329-2de76d68df76,"MEDIUM - H12"" X W5""",38.0,In Stock,2024/01/05 19:51:18
8bf1284d-1c3b-476f-b92b-30c2b5b9ae53,"ONE SIZE - H11"" X W7""",20.0,In Stock,2024/01/05 19:51:19
02d7be76-b649-418b-ae74-edf8e98d32fa,"ONE SIZE - H11"" X W7""",20.0,In Stock,2024/01/05 19:51:21
46c1d866-093e-478f-9afe-2ec06fa42fb5,"ONE SIZE - H11"" X W4""",27.5,In Stock,2024/01/05 19:51:23
c059ae17-76dd-4eec-b3a3-117e6deaba6b,"HUGE - H7"" X W26""",120.0,Out of stock,2024/01/05 19:51:25
c059ae17-76dd-4eec-b3a3-117e6deaba6b,"MEDIUM - H5"" X W20""",65.0,In Stock,2024/01/05 19:51:25
c059ae17-76dd-4eec-b3a3-117e6deaba6b,"LITTLE - H3"" X W12""",32.5,More on the way,2024/01/05 19:51:25
0e30c250-03c4-4e86-8346-e66bfcbc2085,"MEDIUM - H12"" X W5""",34.0,In Stock,2024/01/05 19:51:26
c60e841c-8c5f-4e95-8550-cc9c43587fcc,"ONE SIZE - H13"" X W13""",31.0,In Stock,2024/01/05 19:51:28
3fcb2ed2-70de-44d0-98b5-6a4d886f6029,"HUGE - H7"" X W26""",126.0,In Stock,2024/01/05 19:51:30
7c6cd986-a1ba-41be-8d55-cde9026bde33,"ONE SIZE - H11"" X W8""",40.0,In Stock,2024/01/05 19:51:32
17819570-1d97-4951-a96e-a79a73a761c7,"ONE SIZE - H9"" X W5""",25.0,In Stock,2024/01/05 19:51:34
8ea1b1b4-ba0e-4e0c-be49-ace8478d0787,"ONE SIZE - H11"" X W9""",23.0,In Stock,2024/01/05 19:51:35
3b6aed6b-c088-406c-8dcb-34c6752975dd,"ONE SIZE - H11"" X W9""",23.0,In Stock,2024/01/05 19:51:37
71f30aae-fb1b-486a-b146-cbc70bf67af7,"MEDIUM - H12"" X W5""",28.0,Out of stock,2024/01/05 19:51:39
71f30aae-fb1b-486a-b146-cbc70bf67af7,"SMALL - H7"" X W4""",18.0,In Stock,2024/01/05 19:51:39
b1bce1d0-b0b3-4742-9fae-35f9f2c13fa3,"LARGE - H8"" X W13""",33.0,In Stock,2024/01/05 19:51:41
a2dd673d-2ae7-4408-8278-358d418d206e,"ONE SIZE - H8"" X W8""",15.0,In Stock,2024/01/05 19:51:42
ba02211c-29f4-4635-9dee-803820800227,"MEDIUM - H12"" X W5""",28.0,In Stock,2024/01/05 19:51:44
ba02211c-29f4-4635-9dee-803820800227,"SMALL - H7"" X W4""",18.0,Out of stock,2024/01/05 19:51:44
ecfc3489-435d-45d2-83d3-98c1179f2851,"MEDIUM - H12"" X W5""",28.0,In Stock,2024/01/05 19:51:46
ecfc3489-435d-45d2-83d3-98c1179f2851,"SMALL - H7"" X W4""",18.0,Returning to stock 2-3 months,2024/01/05 19:51:46
9e3acb0d-6adf-4f35-a8ba-c6cdbae2f3f9,"MEDIUM - H11"" X W6""",38.0,In Stock,2024/01/05 19:51:48
9e3acb0d-6adf-4f35-a8ba-c6cdbae2f3f9,"SMALL - H5"" X W3""",15.0,More on the way,2024/01/05 19:51:48
d1e2f897-f6ea-43b4-a80c-1daa26865f40,"MEDIUM - H12"" X W5""",38.0,In Stock,2024/01/05 19:51:50
32f472d2-8741-4f2c-a65f-58e678e8fc27,"MEDIUM - H12"" X W5""",38.0,In Stock,2024/01/05 19:51:52
248f7a34-f32c-4038-b1d1-455de20d2e27,"MEDIUM - H12"" X W5""",38.0,In Stock,2024/01/05 19:51:55
f0060eb4-9c51-4acc-92c5-639ac9cc478b,"MEDIUM - H12"" X W5""",38.0,In Stock,2024/01/05 19:51:57
5b52b067-fd13-4973-b554-86fd4dd64a2a,"MEDIUM - H12"" X W5""",38.0,In Stock,2024/01/05 19:51:59
a9ff9984-8d3e-4a9d-907d-4e857fca6ccf,"MEDIUM - H12"" X W5""",38.0,In Stock,2024/01/05 19:52:00
6287d73c-bf89-45a2-aa99-ef407442f8a2,"MEDIUM - H12"" X W5""",38.0,In Stock,2024/01/05 19:52:02
ed370d61-d5e0-4be2-962a-8e81f29bc2f8,"MEDIUM - H12"" X W5""",38.0,In Stock,2024/01/05 19:52:04
c1cb6c6e-3058-4d59-b9c8-75790a1821e1,"MEDIUM - H12"" X W5""",38.0,In Stock,2024/01/05 19:52:06
15710552-a2ae-4333-9bbe-713148e607f1,"MEDIUM - H12"" X W5""",38.0,In Stock,2024/01/05 19:52:08
b47ec998-2a8b-4925-b1a4-4f7cfdb98399,"MEDIUM - H12"" X W5""",38.0,In Stock,2024/01/05 19:52:10
2e483e74-36c1-4a3c-b02b-c78d421b24f9,"MEDIUM - H12"" X W5""",38.0,In Stock,2024/01/05 19:52:12
73a5d314-3a97-401a-af39-42f5a443572a,"REALLY BIG - H30"" X W12""",130.0,More on the way,2024/01/05 19:52:17
73a5d314-3a97-401a-af39-42f5a443572a,"HUGE - H21"" X W9""",68.5,Out of stock,2024/01/05 19:52:17
73a5d314-3a97-401a-af39-42f5a443572a,"LARGE - H19"" X W7""",53.0,More on the way,2024/01/05 19:52:17
73a5d314-3a97-401a-af39-42f5a443572a,"LITTLE - H9"" X W4""",30.0,In Stock,2024/01/05 19:52:17
73a5d314-3a97-401a-af39-42f5a443572a,"TINY - H6"" X W3""",18.0,In Stock,2024/01/05 19:52:17
2925b379-a8c6-4451-b7f0-0cbd94305443,"HUGE - H7"" X W26""",120.0,More on the way,2024/01/05 19:52:20
2925b379-a8c6-4451-b7f0-0cbd94305443,"MEDIUM - H5"" X W20""",65.0,Returning to stock 2-3 months,2024/01/05 19:52:20
2925b379-a8c6-4451-b7f0-0cbd94305443,"LITTLE - H3"" X W12""",32.5,In Stock,2024/01/05 19:52:20
d9c15025-2bea-4173-b4f9-34e28398b9a7,"MEDIUM - H11"" X W4""",30.0,More on the way,2024/01/05 19:52:22
d9c15025-2bea-4173-b4f9-34e28398b9a7,"SMALL - H7"" X W2""",20.0,In Stock,2024/01/05 19:52:22
1fe08bc3-1c9e-4e9b-a12b-7c8dd3049e6d,"HUGE - H20"" X W8""",80.0,Out of stock,2024/01/05 19:52:24
1fe08bc3-1c9e-4e9b-a12b-7c8dd3049e6d,"MEDIUM - H12"" X W5""",25.0,Out of stock,2024/01/05 19:52:24
1fe08bc3-1c9e-4e9b-a12b-7c8dd3049e6d,"SMALL - H7"" X W4""",18.0,In Stock,2024/01/05 19:52:24
d8c293ca-636e-4386-a55d-23dc15592076,"MEDIUM - H10"" X W5""",38.0,In Stock,2024/01/05 19:52:26
d8c293ca-636e-4386-a55d-23dc15592076,"SMALL - H3"" X W2""",15.0,More on the way,2024/01/05 19:52:26
69fd77b9-a69e-4106-b22a-638460c4378c,"MEDIUM - H7"" X W4""",38.0,In Stock,2024/01/05 19:52:28
69fd77b9-a69e-4106-b22a-638460c4378c,"SMALL - H4"" X W2""",15.0,Out of stock,2024/01/05 19:52:28
eb6aadd7-798f-4eaa-afa5-2ffb11276d1e,"HUGE - H7"" X W26""",120.0,In Stock,2024/01/05 19:52:30
eb6aadd7-798f-4eaa-afa5-2ffb11276d1e,"MEDIUM - H5"" X W20""",65.0,In Stock,2024/01/05 19:52:30
eb6aadd7-798f-4eaa-afa5-2ffb11276d1e,"LITTLE - H3"" X W12""",32.5,In Stock,2024/01/05 19:52:30
551de4fd-14e2-4a30-bf4a-48e6857d87b4,"LARGE - H14"" X W6""",43.0,Out of stock,2024/01/05 19:52:32
551de4fd-14e2-4a30-bf4a-48e6857d87b4,"MEDIUM - H12"" X W5""",28.0,In Stock,2024/01/05 19:52:32
551de4fd-14e2-4a30-bf4a-48e6857d87b4,"SMALL - H7"" X W4""",18.0,In Stock,2024/01/05 19:52:32
50cb73de-c280-49e7-a61b-320d73642787,"MEDIUM - H12"" X W5""",38.0,In Stock,2024/01/05 19:52:34
d74c8511-0214-484b-9f24-3784f9b22916,"MEDIUM - H12"" X W5""",38.0,In Stock,2024/01/05 19:52:36
a98c432e-821f-4515-8540-bf79ad219258,"MEDIUM - H12"" X W5""",38.0,In Stock,2024/01/05 19:52:38
f067370b-2dee-44fa-8925-aae5d848aab5,"ONE SIZE - H13"" X W13""",31.0,In Stock,2024/01/05 19:52:40
62e868d2-5e2f-4c16-901e-2bb52738f326,"HUGE - H8"" X W31""",90.0,In Stock,2024/01/05 19:52:42
62e868d2-5e2f-4c16-901e-2bb52738f326,"LARGE - H7"" X W20""",53.0,In Stock,2024/01/05 19:52:42
5df09917-6780-4255-999f-a7028c1deb59,"MEDIUM - H16"" X W3""",35.0,In Stock,2024/01/05 19:52:44
5df09917-6780-4255-999f-a7028c1deb59,"SMALL - H13"" X W2""",28.0,Out of stock,2024/01/05 19:52:44
d3132223-2a56-4495-852e-95d348e257ed,"LARGE - H19"" X W7""",53.0,In Stock,2024/01/05 19:52:46
d3132223-2a56-4495-852e-95d348e257ed,"LITTLE - H9"" X W4""",30.0,Returning to stock 3-4 weeks,2024/01/05 19:52:46
d3132223-2a56-4495-852e-95d348e257ed,"TINY - H6"" X W3""",18.0,More on the way,2024/01/05 19:52:46
188c6f41-ca6f-43ce-b0f1-b79d64f9ee2e,"VERY BIG - H43"" X W18""",275.0,In Stock,2024/01/05 19:52:52
188c6f41-ca6f-43ce-b0f1-b79d64f9ee2e,"REALLY BIG - H26"" X W12""",125.0,More on the way,2024/01/05 19:52:52
188c6f41-ca6f-43ce-b0f1-b79d64f9ee2e,"HUGE - H20"" X W8""",69.5,Out of stock,2024/01/05 19:52:52
188c6f41-ca6f-43ce-b0f1-b79d64f9ee2e,"MEDIUM - H12"" X W5""",28.0,More on the way,2024/01/05 19:52:52
188c6f41-ca6f-43ce-b0f1-b79d64f9ee2e,"SMALL - H7"" X W4""",18.0,More on the way,2024/01/05 19:52:52
a652e8ee-0b00-472b-801d-506a6c0d6355,"VERY BIG - H43"" X W18""",275.0,In Stock,2024/01/05 19:52:57
a652e8ee-0b00-472b-801d-506a6c0d6355,"REALLY BIG - H26"" X W12""",125.0,In Stock,2024/01/05 19:52:57
a652e8ee-0b00-472b-801d-506a6c0d6355,"HUGE - H20"" X W8""",80.0,In Stock,2024/01/05 19:52:57
a652e8ee-0b00-472b-801d-506a6c0d6355,"MEDIUM - H12"" X W5""",28.0,In Stock,2024/01/05 19:52:57
a652e8ee-0b00-472b-801d-506a6c0d6355,"SMALL - H7"" X W4""",18.0,More on the way,2024/01/05 19:52:57
714289cb-c01f-49a9-93a5-60897dc2fba8,"MEDIUM - H12"" X W5""",28.0,Returning to stock 2-3 months,2024/01/05 19:52:59
714289cb-c01f-49a9-93a5-60897dc2fba8,"SMALL - H7"" X W4""",18.0,In Stock,2024/01/05 19:52:59
39afe520-ec02-493b-9659-e62b00bb87ca,"ONE SIZE - H12""",15.0,In Stock,2024/01/05 19:53:00
d0a03bde-8a39-495f-91dc-c0d3af87609c,"LARGE - H5"" X W18""",80.0,In Stock,2024/01/05 19:53:02
d0a03bde-8a39-495f-91dc-c0d3af87609c,"LITTLE - H3"" X W11""",35.0,Out of stock,2024/01/05 19:53:02
6084f390-905b-46e4-98a1-5bfccdd3d396,SMALL,31.5,In Stock,2024/01/05 19:53:04
10382844-28ee-448a-bca8-847b36ed3981,"MEDIUM - H9"" X W5""",35.0,In Stock,2024/01/05 19:53:05
dd17f251-dac2-4003-8c6e-973296915b79,"MEDIUM - H12"" X W5""",28.0,In Stock,2024/01/05 19:53:08
dd17f251-dac2-4003-8c6e-973296915b79,"SMALL - H7"" X W4""",18.0,Out of stock,2024/01/05 19:53:08
116c5831-7015-4a4d-a2fe-34a753ae9be5,"MEDIUM - H12"" X W5""",38.0,In Stock,2024/01/05 19:53:10
797ae16a-2d22-403a-8e97-5cfe8b3078c3,"MEDIUM - H12"" X W5""",38.0,In Stock,2024/01/05 19:53:12
da2387a3-03cf-4970-9eaa-e52a34cb8bee,"LARGE - H14"" X W6""",40.0,More on the way,2024/01/05 19:53:14
da2387a3-03cf-4970-9eaa-e52a34cb8bee,"LITTLE - H9"" X W4""",27.5,In Stock,2024/01/05 19:53:14
da2387a3-03cf-4970-9eaa-e52a34cb8bee,"TINY - H6"" X W3""",18.0,More on the way,2024/01/05 19:53:14
9a2da85a-2610-48a2-ab76-7a102cbbb233,"MEDIUM - H12"" X W5""",34.0,In Stock,2024/01/05 19:53:16
96222c2e-e13f-4005-b42a-050d0e1064c8,"REALLY BIG - H9"" X W29""",200.0,In Stock,2024/01/05 19:53:18
96222c2e-e13f-4005-b42a-050d0e1064c8,"LARGE - H5"" X W18""",80.0,More on the way,2024/01/05 19:53:18
4a3837b6-a61e-4573-a327-1926cf08788f,"HUGE - H20"" X W8""",80.0,Out of stock,2024/01/05 19:53:20
4a3837b6-a61e-4573-a327-1926cf08788f,"MEDIUM - H12"" X W5""",28.0,More on the way,2024/01/05 19:53:20
4a3837b6-a61e-4573-a327-1926cf08788f,"SMALL - H7"" X W4""",18.0,In Stock,2024/01/05 19:53:20
9e841922-aeb7-4f3e-bbb3-7413223e60fe,"MEDIUM - H12"" X W5""",28.0,In Stock,2024/01/05 19:53:22
9e841922-aeb7-4f3e-bbb3-7413223e60fe,"SMALL - H7"" X W4""",18.0,Returning to stock 3-4 weeks,2024/01/05 19:53:22
a42bef98-457c-4a10-97b2-1e06b135f932,"MEDIUM - H12"" X W5""",28.0,More on the way,2024/01/05 19:53:24
a42bef98-457c-4a10-97b2-1e06b135f932,"SMALL - H7"" X W4""",18.0,In Stock,2024/01/05 19:53:24
5f8161b8-ae47-46a5-bf83-a22abf28da22,"ONE SIZE - H9"" X W9""",15.0,In Stock,2024/01/05 19:53:25
3dfeb8fb-e314-43ba-8849-cf3aff8bda49,"ONE SIZE - H40"" X W30""",45.0,In Stock,2024/01/05 19:53:27
aa678feb-85ff-4292-8493-2b68482a61f4,"ONE SIZE - H40"" X W30""",45.0,In Stock,2024/01/05 19:53:28
5812607b-8f4a-4497-b37e-cf24c2fea82a,"ONE SIZE - H40"" X W30""",45.0,In Stock,2024/01/05 19:53:30
33729ba5-3e77-4235-8252-06e9683ef5ba,"HUGE - H20"" X W10""",120.0,Out of stock,2024/01/05 19:53:35
33729ba5-3e77-4235-8252-06e9683ef5ba,"LARGE - H15"" X W8""",65.0,More on the way,2024/01/05 19:53:35
33729ba5-3e77-4235-8252-06e9683ef5ba,"MEDIUM - H11"" X W6""",35.0,In Stock,2024/01/05 19:53:35
33729ba5-3e77-4235-8252-06e9683ef5ba,"TINY - H5"" X W3""",13.0,Out of stock,2024/01/05 19:53:35
2e975a27-f14c-476f-beca-340ce9e59e02,"MEDIUM - H12"" X W5""",38.0,In Stock,2024/01/05 19:53:37
681f977e-8422-4e7c-9e25-2dcfddf65f3c,"MEDIUM - H12"" X W5""",38.0,In Stock,2024/01/05 19:53:39
750d026d-d02d-493e-9a66-cacd97c98533,"MEDIUM - H12"" X W5""",38.0,In Stock,2024/01/05 19:53:40
688108b5-a073-4deb-8292-363cb435d52b,"MEDIUM - H12"" X W5""",38.0,In Stock,2024/01/05 19:53:43
653d1273-f307-44cd-b3fa-ecbfd805c2ee,"MEDIUM - H11"" X W4""",33.0,In Stock,2024/01/05 19:53:44
653d1273-f307-44cd-b3fa-ecbfd805c2ee,"SMALL - H8"" X W3""",25.0,Returning to stock 2-3 months,2024/01/05 19:53:44
4dcdafd4-095b-4867-8979-b9545603eacc,"MEDIUM - H12"" X W5""",28.0,In Stock,2024/01/05 19:53:47
4dcdafd4-095b-4867-8979-b9545603eacc,"SMALL - H7"" X W4""",18.0,Out of stock,2024/01/05 19:53:47
abf7ec17-1b29-4d72-b61c-27ab13f6f76e,"ONE SIZE - H11"" X W4""",29.0,In Stock,2024/01/05 19:53:48
c943729b-6837-4981-955b-547959f222fb,"MEDIUM - H12"" X W5""",38.0,In Stock,2024/01/05 19:53:50
b6072622-cfb7-4892-b7cf-12070f09c6e7,"MEDIUM - H12"" X W5""",38.0,In Stock,2024/01/05 19:53:52
5b80cc3e-8ca5-48da-b6b5-e653f85f8b5c,"MEDIUM - H12"" X W5""",38.0,In Stock,2024/01/05 19:53:55
6d48109c-06df-481c-9c94-232a594bca25,"HUGE - H20"" X W8""",80.0,In Stock,2024/01/05 19:54:00
6d48109c-06df-481c-9c94-232a594bca25,"MEDIUM - H12"" X W5""",28.0,More on the way,2024/01/05 19:54:00
6d48109c-06df-481c-9c94-232a594bca25,"SMALL - H7"" X W4""",16.5,Out of stock,2024/01/05 19:54:00
6c71c1fe-007c-4c92-a0f2-49f16878a4ea,"VERY BIG - H43"" X W18""",275.0,In Stock,2024/01/05 19:54:08
6c71c1fe-007c-4c92-a0f2-49f16878a4ea,"REALLY BIG - H26"" X W12""",125.0,In Stock,2024/01/05 19:54:08
6c71c1fe-007c-4c92-a0f2-49f16878a4ea,"MEDIUM - H12"" X W5""",28.0,Returning to stock 2-3 months,2024/01/05 19:54:08
6c71c1fe-007c-4c92-a0f2-49f16878a4ea,"SMALL - H7"" X W4""",18.0,Returning to stock 2-3 months,2024/01/05 19:54:08
69e9ff20-6f35-479f-9493-c7dea9fc058f,"ONE SIZE - H6"" X W6""",13.5,In Stock,2024/01/05 19:54:09
669feb13-ffa0-426f-812f-e64da14fee28,"ONE SIZE - H9"" X W9""",15.0,In Stock,2024/01/05 19:54:11
2e8e9b79-42a9-48e3-81e0-047ff7007659,SMALL,31.5,In Stock,2024/01/05 19:54:13
2447a1a7-1ed8-46e9-b57b-bac99066dd77,MEDIUM,45.0,In Stock,2024/01/05 19:54:14
ef9cf2ef-c85d-45e9-9537-95b62b4c6fba,"MEDIUM - H12"" X W5""",28.0,More on the way,2024/01/05 19:54:17
ef9cf2ef-c85d-45e9-9537-95b62b4c6fba,"SMALL - H7"" X W4""",18.0,In Stock,2024/01/05 19:54:17
cc8e8cb9-45c9-4b66-80eb-8329d2e71bc8,"HUGE - H20"" X W8""",80.0,Out of stock,2024/01/05 19:54:21
cc8e8cb9-45c9-4b66-80eb-8329d2e71bc8,"LARGE - H14"" X W6""",43.0,In Stock,2024/01/05 19:54:21
cc8e8cb9-45c9-4b66-80eb-8329d2e71bc8,"MEDIUM - H12"" X W5""",28.0,In Stock,2024/01/05 19:54:21
cc8e8cb9-45c9-4b66-80eb-8329d2e71bc8,"SMALL - H7"" X W4""",18.0,In Stock,2024/01/05 19:54:21
cc8e8cb9-45c9-4b66-80eb-8329d2e71bc8,"TINY - H5""",10.0,Out of stock,2024/01/05 19:54:21
77fb3aa0-8b6e-416f-932b-d28f615cf91b,"MEDIUM - H12"" X W5""",38.0,In Stock,2024/01/05 19:54:23
d5e8e533-69ae-4e22-ab68-ae93177bdec5,"MEDIUM - H12"" X W5""",38.0,In Stock,2024/01/05 19:54:25
aa85675d-fa9a-4013-aa84-176ca72799e7,"MEDIUM - H12"" X W5""",38.0,In Stock,2024/01/05 19:54:27
ab35be2e-a46b-4516-a878-2362249c3028,"HUGE - H20"" X W8""",86.0,In Stock,2024/01/05 19:54:29
e02479c3-e60e-4bf7-b66c-2d382794656b,"ONE SIZE - H6"" X W6""",13.5,In Stock,2024/01/05 19:54:31
0e39ccc8-037b-4e44-bdb1-edccdf6e99a2,"ONE SIZE - H7"" X W7""",15.0,In Stock,2024/01/05 19:54:32
89399e7b-ce68-4f15-a197-def1ba0b142a,"ONE SIZE - H8"" X W8""",15.0,In Stock,2024/01/05 19:54:34
2784d339-ed48-474b-932a-68fac157d9a4,"HUGE - H23"" X W9""",99.0,Out of stock,2024/01/05 19:54:39
2784d339-ed48-474b-932a-68fac157d9a4,"LARGE - H20"" X W7""",60.0,In Stock,2024/01/05 19:54:39
2784d339-ed48-474b-932a-68fac157d9a4,"MEDIUM - H15"" X W6""",43.0,In Stock,2024/01/05 19:54:39
2784d339-ed48-474b-932a-68fac157d9a4,"SMALL - H11"" X W4""",28.0,More on the way,2024/01/05 19:54:39
aeddde70-f9c4-4ca5-adad-7675c84ded7e,MEDIUM,43.0,In Stock,2024/01/05 19:54:40
ad9edf29-ecaa-4965-93b0-6072f80268c7,"MEDIUM - H12"" X W5""",28.0,In Stock,2024/01/05 19:54:42
ad9edf29-ecaa-4965-93b0-6072f80268c7,"SMALL - H7"" X W4""",18.0,In Stock,2024/01/05 19:54:42
a3db8d62-db27-450d-91ce-de65be4c6b19,"MEDIUM - H9"" X W5""",30.0,In Stock,2024/01/05 19:54:44
df4d64b2-cecd-4d62-9c9e-fbc32ee7d484,"ONE SIZE - H7"" X W3""",15.0,In Stock,2024/01/05 19:54:45
9c7ead5e-587f-4a78-8b5f-8681e1e83cd4,"ONE SIZE - H7"" X W3""",15.0,In Stock,2024/01/05 19:54:47
aab6af50-605c-49e8-b95c-7a24f3caec5d,"ONE SIZE - H6"" X W6""",13.5,In Stock,2024/01/05 19:54:49
20a85282-529b-4ced-8817-9da5202c4a1d,SMALL,31.5,In Stock,2024/01/05 19:54:50
9ecb0b2c-ae97-4f7a-b69a-4648f0f905d9,"HUGE - H17"" X W9""",69.0,Out of stock,2024/01/05 19:54:52
9ecb0b2c-ae97-4f7a-b69a-4648f0f905d9,"LARGE - H12"" X W6""",50.0,More on the way,2024/01/05 19:54:52
9ecb0b2c-ae97-4f7a-b69a-4648f0f905d9,"MEDIUM - H9"" X W5""",30.0,In Stock,2024/01/05 19:54:52
70bd862e-63aa-47c6-9fa9-f79e5e68188f,"REALLY BIG - H22"" X W13""",140.0,In Stock,2024/01/05 19:54:57
70bd862e-63aa-47c6-9fa9-f79e5e68188f,"HUGE - H19"" X W7""",55.0,In Stock,2024/01/05 19:54:57
70bd862e-63aa-47c6-9fa9-f79e5e68188f,"LARGE - H14"" X W7""",40.0,In Stock,2024/01/05 19:54:57
70bd862e-63aa-47c6-9fa9-f79e5e68188f,"MEDIUM - H11"" X W5""",28.0,More on the way,2024/01/05 19:54:57
70bd862e-63aa-47c6-9fa9-f79e5e68188f,"TINY - H6"" X W3""",18.5,In Stock,2024/01/05 19:54:57
ce8321c6-64e2-4455-ad39-ef8232b1a858,"VERY BIG - H43"" X W18""",275.0,In Stock,2024/01/05 19:55:03
ce8321c6-64e2-4455-ad39-ef8232b1a858,"REALLY BIG - H26"" X W11""",125.0,In Stock,2024/01/05 19:55:03
ce8321c6-64e2-4455-ad39-ef8232b1a858,"HUGE - H20"" X W8""",80.0,In Stock,2024/01/05 19:55:03
ce8321c6-64e2-4455-ad39-ef8232b1a858,"LARGE - H14"" X W6""",37.5,Out of stock,2024/01/05 19:55:03
ce8321c6-64e2-4455-ad39-ef8232b1a858,"MEDIUM - H12"" X W5""",28.0,In Stock,2024/01/05 19:55:03
ce8321c6-64e2-4455-ad39-ef8232b1a858,"SMALL - H7"" X W4""",18.0,In Stock,2024/01/05 19:55:03
48aa5d76-3de3-412c-bdc6-62ffafe5dc11,"MEDIUM - H12"" X W5""",38.0,In Stock,2024/01/05 19:55:05
de527891-94a8-40bc-a5e4-4ba02f57fa54,"MEDIUM - H12"" X W5""",38.0,In Stock,2024/01/05 19:55:07
1dc9f235-db71-4841-8f81-dbbb0958fce1,"MEDIUM - H12"" X W5""",38.0,In Stock,2024/01/05 19:55:08
958a4226-1f3b-4d00-bef2-1da66c79bafe,"MEDIUM - H12"" X W5""",34.0,In Stock,2024/01/05 19:55:10
39ca75d6-1bab-44c4-b207-327523cb3c3f,"VERY BIG - H43"" X W18""",275.0,In Stock,2024/01/05 19:55:15
39ca75d6-1bab-44c4-b207-327523cb3c3f,"REALLY BIG - H26"" X W12""",125.0,In Stock,2024/01/05 19:55:15
39ca75d6-1bab-44c4-b207-327523cb3c3f,"MEDIUM - H12"" X W5""",28.0,In Stock,2024/01/05 19:55:15
39ca75d6-1bab-44c4-b207-327523cb3c3f,"SMALL - H7"" X W4""",17.5,Out of stock,2024/01/05 19:55:15
7cc9f84b-abd7-472f-8bdd-51ced327ab7c,"LARGE - H14"" X W6""",43.0,Out of stock,2024/01/05 19:55:17
7cc9f84b-abd7-472f-8bdd-51ced327ab7c,"MEDIUM - H12"" X W5""",28.0,Returning to stock 3-4 weeks,2024/01/05 19:55:17
7cc9f84b-abd7-472f-8bdd-51ced327ab7c,"SMALL - H7"" X W4""",18.0,In Stock,2024/01/05 19:55:17
145e363a-5e0b-4b25-85b5-458e7670d980,"MEDIUM - H12"" X W5""",38.0,In Stock,2024/01/05 19:55:20
3e3b4d55-84b1-40ee-af38-7d42d9be2346,"MEDIUM - H12"" X W5""",38.0,In Stock,2024/01/05 19:55:22
00674b8f-f088-4986-802f-fc9015ceefa8,"MEDIUM - H12"" X W5""",38.0,In Stock,2024/01/05 19:55:24
99fd54cc-7e3b-4560-bd4f-0e209475d820,"MEDIUM - H12"" X W5""",34.0,In Stock,2024/01/05 19:55:26
40e60c3a-82d9-413b-872b-22f963edd901,"ONE SIZE - H13"" X W13""",25.0,In Stock,2024/01/05 19:55:28
79f0522f-7698-4f8b-b7b7-58e15dab644a,"VERY BIG - H43"" X W18""",275.0,In Stock,2024/01/05 19:55:30
79f0522f-7698-4f8b-b7b7-58e15dab644a,"MEDIUM - H12"" X W5""",28.0,In Stock,2024/01/05 19:55:30
79f0522f-7698-4f8b-b7b7-58e15dab644a,"SMALL - H7"" X W4""",18.0,In Stock,2024/01/05 19:55:30
99d8e91d-28e5-49e8-918e-d4f68534a320,"HUGE - H20"" X W8""",67.5,Out of stock,2024/01/05 19:55:32
99d8e91d-28e5-49e8-918e-d4f68534a320,"MEDIUM - H12"" X W5""",28.0,In Stock,2024/01/05 19:55:32
99d8e91d-28e5-49e8-918e-d4f68534a320,"TINY - H5"" X W2""",10.0,Out of stock,2024/01/05 19:55:32
7d5a7044-e893-4ae8-a3f6-88644c5b41f3,"HUGE - H20"" X W8""",67.5,Out of stock,2024/01/05 19:55:38
7d5a7044-e893-4ae8-a3f6-88644c5b41f3,"LARGE - H14"" X W6""",43.0,Out of stock,2024/01/05 19:55:38
7d5a7044-e893-4ae8-a3f6-88644c5b41f3,"MEDIUM - H12"" X W5""",28.0,In Stock,2024/01/05 19:55:38
7d5a7044-e893-4ae8-a3f6-88644c5b41f3,"TINY - H5"" X W2""",10.0,Out of stock,2024/01/05 19:55:38
e435ff9f-5bf9-4f76-9abb-b736f51423b9,"MEDIUM - H9"" X W5""",30.0,In Stock,2024/01/05 19:55:40
301f9b09-a047-4ca3-a21d-b81e8380137f,"MEDIUM - H12"" X W5""",38.0,In Stock,2024/01/05 19:55:41
047cba08-e118-4d75-899b-cf47f9f63a58,"MEDIUM - H12"" X W5""",38.0,In Stock,2024/01/05 19:55:43
658e1f2f-a245-4dd1-9601-7dff2f4ff3f3,"MEDIUM - H12"" X W5""",38.0,In Stock,2024/01/05 19:55:45
3fe7d1e1-0aa4-4486-bf04-d0eba4cb07a7,"MEDIUM - H12"" X W5""",38.0,In Stock,2024/01/05 19:55:47
b30235a6-0187-43e4-a067-0a5095135b78,"ONE SIZE - H11"" X W5""",33.0,More on the way,2024/01/05 19:55:48
d557677c-2c18-4b36-a5cc-689c1b229080,"MEDIUM - H12"" X W5""",38.0,In Stock,2024/01/05 19:55:50
583c624b-5557-4b33-87cd-7453aad374ef,"MEDIUM - H12"" X W5""",38.0,In Stock,2024/01/05 19:55:52
42bd22ba-1989-4d8d-9f6e-49af31b11c00,"MEDIUM - H12"" X W5""",38.0,In Stock,2024/01/05 19:55:54
eefa1368-4e3d-497d-a7d3-71b5dee3bceb,"MEDIUM - H12"" X W5""",38.0,In Stock,2024/01/05 19:55:56
721800b0-0ffa-4503-8168-1a1e6678a206,"MEDIUM - H12"" X W5""",38.0,In Stock,2024/01/05 19:55:58
a4fff880-dec6-459d-8be7-f426ca762d7d,"MEDIUM - H12"" X W5""",34.0,In Stock,2024/01/05 19:56:00
0e3d8094-f5d2-4249-8bad-4ddbd36a80da,"SMALL - H7"" X W4""",15.0,In Stock,2024/01/05 19:56:02
49643485-ae22-4a55-9c52-bf8006fc9e6b,"ONE SIZE - H13"" X W13""",25.0,In Stock,2024/01/05 19:56:03
ddba2b20-55ba-450d-818c-67e0f97cad83,"HUGE - H20"" X W8""",86.0,In Stock,2024/01/05 19:56:05
a315734c-c5bb-4bf6-9c50-5ca286a52eac,"MEDIUM - H13"" X W6""",30.0,In Stock,2024/01/05 19:56:07
a315734c-c5bb-4bf6-9c50-5ca286a52eac,"SMALL - H10"" X W5""",23.0,Out of stock,2024/01/05 19:56:07
f7eaa8c9-296c-4db5-adbf-e4a1a6bc9c43,"HUGE - H20"" X W8""",86.0,In Stock,2024/01/05 19:56:09
61b8b84f-5aff-4c89-830f-bcc80707d671,"VERY BIG - H43"" X W18""",275.0,In Stock,2024/01/05 19:56:15
61b8b84f-5aff-4c89-830f-bcc80707d671,"REALLY BIG - H26"" X W12""",125.0,In Stock,2024/01/05 19:56:15
61b8b84f-5aff-4c89-830f-bcc80707d671,"HUGE - H20"" X W8""",80.0,In Stock,2024/01/05 19:56:15
61b8b84f-5aff-4c89-830f-bcc80707d671,"LARGE - H14"" X W6""",43.0,In Stock,2024/01/05 19:56:15
61b8b84f-5aff-4c89-830f-bcc80707d671,"MEDIUM - H12"" X W5""",28.0,Out of stock,2024/01/05 19:56:15
61b8b84f-5aff-4c89-830f-bcc80707d671,"SMALL - H7"" X W4""",18.0,In Stock,2024/01/05 19:56:15
61b8b84f-5aff-4c89-830f-bcc80707d671,"TINY - H5"" X W2""",14.0,In Stock,2024/01/05 19:56:15
fe3b8269-cb0c-40bf-86eb-bed000c91cf4,"VERY BIG - H43"" X W18""",275.0,Returning to stock 2-3 months,2024/01/05 19:56:20
fe3b8269-cb0c-40bf-86eb-bed000c91cf4,"REALLY BIG - H26"" X W11""",125.0,In Stock,2024/01/05 19:56:20
fe3b8269-cb0c-40bf-86eb-bed000c91cf4,"HUGE - H20"" X W8""",80.0,In Stock,2024/01/05 19:56:20
fe3b8269-cb0c-40bf-86eb-bed000c91cf4,"LARGE - H14"" X W6""",43.0,In Stock,2024/01/05 19:56:20
fe3b8269-cb0c-40bf-86eb-bed000c91cf4,"MEDIUM - H12"" X W5""",28.0,Returning to stock 2-3 months,2024/01/05 19:56:20
fe3b8269-cb0c-40bf-86eb-bed000c91cf4,"SMALL - H7"" X W4""",18.0,In Stock,2024/01/05 19:56:20
fe3b8269-cb0c-40bf-86eb-bed000c91cf4,"TINY - H5"" X W2""",14.0,Out of stock,2024/01/05 19:56:20
2c65ed72-b846-4a7b-95b9-131a276d0d82,"HUGE - H7"" X W26""",126.0,In Stock,2024/01/05 19:56:22
9543f3f7-0d83-41e0-8754-bf61700f1e7b,"ONE SIZE - H13"" X W13""",31.0,In Stock,2024/01/05 19:56:24
948e9a62-5041-413b-bf08-2bae6d93dd6b,MEDIUM,45.0,In Stock,2024/01/05 19:56:26
84e2b9a9-9a8c-4d4b-856e-83d76fe63c99,MEDIUM,60.0,In Stock,2024/01/05 19:56:27
e4e3f0ce-12f5-4ce1-9bc1-8ffc2d1d0d19,ONE SIZE,47.5,In Stock,2024/01/05 19:56:29
5f070e2f-ea51-477e-a58f-2db6b46fb0c5,MEDIUM,43.0,In Stock,2024/01/05 19:56:30
a0ed44d7-a2e3-4d6d-ad8f-bc3322af8134,ONE SIZE,42.5,In Stock,2024/01/05 19:56:32
e2d233c6-bddd-4bb3-9b5b-1dbd1c2e1c56,MEDIUM,43.0,In Stock,2024/01/05 19:56:33
3644e26d-91f2-4e48-b50b-1b1f58afe82f,"ONE SIZE - H4"" X W17""",55.0,Returning to stock next week,2024/01/05 19:56:35
fd9da1ce-9695-488e-b69b-34d2c9a9c3e1,"ONE SIZE - H9"" X W6""",35.0,More on the way,2024/01/05 19:56:37
963fac3a-551f-474b-8848-ed6c712b8023,"MEDIUM - H12"" X W5""",28.0,More on the way,2024/01/05 19:56:38
d1674fba-5ca5-4d9e-8f90-bccb8a837137,"ONE SIZE - H6"" X W6""",13.5,Returning to stock 2-3 months,2024/01/05 19:56:40
bc7818cb-daca-4bf3-8aef-b708031c8a84,"ONE SIZE - H7"" X W2""",23.0,More on the way,2024/01/05 19:56:41
919d0fdd-76fd-4ee2-8439-710855e6e4db,"ONE SIZE - H7"" X W2""",23.0,More on the way,2024/01/05 19:56:43
e8411ea4-230e-41a2-aac0-877683279339,"ONE SIZE - H7"" X W2""",23.0,More on the way,2024/01/05 19:56:44
cab2d108-bc26-4e8b-8b49-a1bf878c3202,"ONE SIZE - H9"" X W4""",30.0,More on the way,2024/01/05 19:56:46
6615a6cb-fcdf-4698-b511-079c8b250ea1,"ONE SIZE - H4"" X W4""",20.0,More on the way,2024/01/05 19:56:48
64fbd9d4-435e-4af8-84d7-9c1cee4129b2,"ONE SIZE - H10"" X W10""",45.0,Returning to stock 2-3 months,2024/01/05 19:56:49
4c80c02c-921a-474f-811c-fbfacdb4a069,"ONE SIZE - H8"" X W9""",43.0,Out of stock,2024/01/05 19:56:51
7107ae2d-655e-45ab-bad4-70d0d380f6f0,"ONE SIZE - H22"" X W7""",75.0,More on the way,2024/01/05 19:56:52
9520c069-f9a8-43f7-9b42-d230b6baffd8,"ONE SIZE - H14"" X W7""",60.0,More on the way,2024/01/05 19:56:54
7e49c17a-4357-4f1e-9ac7-8828d84e5622,"MEDIUM - H9"" X W5""",30.0,More on the way,2024/01/05 19:56:55
fa7954ff-cf2a-4cc6-b769-9d9a6a1d98c4,"ONE SIZE - H8"" X W6""",30.0,More on the way,2024/01/05 19:56:57
f5d010d3-665b-4f85-a764-8f628e4e4be0,"ONE SIZE - H10"" X W6""",45.0,Returning to stock 2-3 months,2024/01/05 19:56:59
ab6f51b1-449f-43ba-b1ef-71759ea9966b,"ONE SIZE - H7"" X W4""",22.0,More on the way,2024/01/05 19:57:00
f7a747c8-7fb3-4d54-89a4-b90df5636dc6,"ONE SIZE - H7"" X W7""",40.0,Returning to stock 2-3 months,2024/01/05 19:57:02
dc13729c-0130-41c8-b9f4-991bd74f2215,"ONE SIZE - H7"" X W2""",25.0,More on the way,2024/01/05 19:57:03
2b22297f-3f30-4f81-8788-9c9044656494,"ONE SIZE - H9"" X W13""",35.0,More on the way,2024/01/05 19:57:05
38e2791e-f585-48a1-a37d-0bfde68b5825,"ONE SIZE - H11"" X W17""",60.0,More on the way,2024/01/05 19:57:07
d9d6ddf3-1ab9-415b-9585-f80f7dd3089b,"ONE SIZE - H11"" X W6""",35.0,More on the way,2024/01/05 19:57:08
433842bd-e1d7-4688-a67d-f8c4659509de,"ONE SIZE - H7"" X W14""",100.0,More on the way,2024/01/05 19:57:10
85bc97dd-d671-442b-af77-83c58098d677,"ONE SIZE - H6"" X W3""",20.0,Returning to stock 2-3 months,2024/01/05 19:57:11
98015295-7a14-4a35-9eb6-ef29d92e305c,"ONE SIZE - H6"" X W4""",28.0,Returning to stock 2-3 months,2024/01/05 19:57:13
c071ea53-9a84-4f45-90f5-784f047b23c7,"ONE SIZE - H4"" X W2""",15.0,Returning to stock 2-3 months,2024/01/05 19:57:14
9fe3699a-4363-40bf-8cc8-d96c991b8c59,"ONE SIZE - H9"" X W3""",20.0,More on the way,2024/01/05 19:57:16
fa377f12-e6f4-4b31-9bbd-44a78d134fab,"ONE SIZE - H7"" X W7""",35.0,More on the way,2024/01/05 19:57:18
1ad5c2bb-1ddb-4ffd-ac74-a6ede013a228,"BIG - H6"" X W17""",75.0,More on the way,2024/01/05 19:57:20
c5ecc2b1-90b3-442e-a9cf-4625b46ada1e,"ONE SIZE - H6"" X W7""",38.0,Returning to stock 3-4 weeks,2024/01/05 19:57:21
d707de70-11e6-47b3-b502-3f32cbaf6e2a,"ONE SIZE - H7"" X W2""",19.0,Out of stock,2024/01/05 19:57:23
e295280b-342a-4178-b346-a624a3cdea4c,"ONE SIZE - H7"" X W2""",19.0,More on the way,2024/01/05 19:57:24
0f5fe8eb-bfcb-48c3-9072-c9bcffe3df5d,"ONE SIZE - H7"" X W2""",19.0,More on the way,2024/01/05 19:57:26
4da14179-794c-43d5-9729-adb04ca39f76,"ONE SIZE - H9"" X W5""",18.5,More on the way,2024/01/05 19:57:27
20de953f-1a62-406f-ac6c-96546e1075d3,"ONE SIZE - H8"" X W8""",15.0,Returning to stock 3-4 weeks,2024/01/05 19:57:29
5e3c7952-6d12-4f73-bb65-bf88f0ce8ac8,"ONE SIZE - H9"" X W4""",30.0,More on the way,2024/01/05 19:57:31
223d7781-83c7-4253-8ead-2bda7f88079b,"ONE SIZE - H15"" X W7""",65.0,More on the way,2024/01/05 19:57:32
5569ecf8-c468-46e1-92fe-72ddb4edd4a8,"ONE SIZE - H6"" X W5""",35.0,More on the way,2024/01/05 19:57:34
c50ee31a-2587-44f4-bacf-25d0fa2568c2,"ONE SIZE - H10"" X W2""",32.5,More on the way,2024/01/05 19:57:35
79686f3d-aa6f-4f78-98c8-6edcded64603,"ONE SIZE - H9"" X W8""",33.0,More on the way,2024/01/05 19:57:37
198a8c1f-67b1-434e-af70-0e3e1f8e59fe,"ONE SIZE - H7"" X W16""",80.0,More on the way,2024/01/05 19:57:39
038c13fa-d179-4d51-ad0f-5af3d374c4cb,"ONE SIZE - H13"" X W13""",65.0,More on the way,2024/01/05 19:57:40
2df9af7f-c4ca-413d-aaa1-214b6ce57d36,"ONE SIZE - H9"" X W5""",33.0,More on the way,2024/01/05 19:57:42
7b5c80db-d07b-4748-a4c0-1acf7d97a018,"ONE SIZE - H10"" X W6""",35.0,More on the way,2024/01/05 19:57:43
e25c3032-958f-42eb-8837-a7bc514aa416,"ONE SIZE - H4"" X W4""",20.0,Returning to stock 2-3 months,2024/01/05 19:57:45
e135b89f-8f90-40ae-8aba-8a26cb4ce7b2,"ONE SIZE - H6"" X W8""",22.0,Returning to stock 2-3 months,2024/01/05 19:57:46
7fa3e22a-f23c-4540-b42f-ddc210aa3e1b,"ONE SIZE - H4"" X W2""",23.0,Returning to stock 2-3 months,2024/01/05 19:57:48
3e0873fe-6745-4c9f-9c6f-2f87f9c6c2aa,"ONE SIZE - H9"" X W5""",40.0,Returning to stock in 1-2 days,2024/01/05 19:57:50
66dea7fa-1245-4c80-b672-3443f889526c,"ONE SIZE - H15"" X W6""",45.0,More on the way,2024/01/05 19:57:51
e88db3fe-a2ac-4e14-9266-3439ad6d8d39,"ONE SIZE - H9"" X W14""",30.0,Out of stock,2024/01/05 19:57:53
d67bdacf-a369-4035-bd81-55254640554f,"ONE SIZE - H6"" X W2""",20.0,More on the way,2024/01/05 19:57:55
ad745f8f-72ce-47f6-a05d-957e32ce20cd,"ONE SIZE - H6"" X W9""",40.0,Returning to stock 3-4 weeks,2024/01/05 19:57:56
38868e9f-d7fd-4285-aef6-9e35ac9cb959,"ONE SIZE - H3"" X W3""",23.0,Returning to stock 3-4 weeks,2024/01/05 19:57:58
394bb811-b828-47fa-9dc1-93e1963a5c6b,"ONE SIZE - H6"" X W3""",20.0,More on the way,2024/01/05 19:58:00
4ded1b90-ff65-436a-9690-5fb2688df703,"ONE SIZE - H4"" X W3""",17.0,More on the way,2024/01/05 19:58:01
a8479987-b43a-422a-8b41-04eead085418,"ONE SIZE - H7"" X W4""",20.0,More on the way,2024/01/05 19:58:03
d407bc37-c9b9-46a8-8626-b65b502b6e12,"ONE SIZE - H7"" X W4""",42.5,Out of stock,2024/01/05 19:58:05
b5842908-d2a5-44b3-b542-524f4df368a0,"ONE SIZE - H4"" X W5""",35.0,More on the way,2024/01/05 19:58:07
cea9a4be-3cb0-4a70-a501-2e74ee8c6d81,"ONE SIZE - H10"" X W4""",25.0,More on the way,2024/01/05 19:58:08
07a923e8-b884-47e2-8461-120ae2a1d56d,"ONE SIZE - H5"" X W3""",17.5,Out of stock,2024/01/05 19:58:10
28e764bf-0431-4886-9781-06a2e82bbafd,"ONE SIZE - H5"" X W2""",23.0,Out of stock,2024/01/05 19:58:11
8b27c49f-68fe-4f67-b087-256bf687f2a5,"ONE SIZE - H17"" X W4""",37.5,More on the way,2024/01/05 19:58:13
ed82a87a-52be-4b05-8e07-bd4f414ba076,"ONE SIZE - H9"" X W4""",25.0,More on the way,2024/01/05 19:58:15
4285e19e-d5cf-4d9c-9d0d-5bb274e72ebd,"ONE SIZE - H10"" X W6""",35.0,More on the way,2024/01/05 19:58:16
c6bb9d1a-0fb3-46b3-809b-34b3521f210a,"ONE SIZE - H7"" X W4""",22.0,More on the way,2024/01/05 19:58:18
f58db33b-eb48-4cab-9035-08286cf0faf3,"ONE SIZE - H7"" X W4""",22.0,More on the way,2024/01/05 19:58:19
7ac9df84-0b45-4d08-8fea-8bcac4e0056f,"HUGE - H20"" X W8""",91.0,More on the way,2024/01/05 19:58:21
ab30d1bf-93a9-4598-ab18-ac332e8e4567,"ONE SIZE - H6"" X W3""",20.0,More on the way,2024/01/05 19:58:23
4bb3ceb6-7b8c-4758-8d79-c17ee1c875d3,"ONE SIZE - H2"" X W6""",15.0,More on the way,2024/01/05 19:58:25
6968fc9a-557c-4a49-866c-d228fd2789af,"ONE SIZE - H3"" X W5""",15.0,Returning to stock 2-3 months,2024/01/05 19:58:26
4c050713-d2b3-4b6d-a889-31316348c38c,"ONE SIZE - H7"" X W7""",15.0,Returning to stock 3-4 weeks,2024/01/05 19:58:28
c6c847bc-9359-4015-9587-fd926af99ba0,"ONE SIZE - H5"" X W3""",27.0,Returning to stock 2-3 months,2024/01/05 19:58:29
66214a7d-d0fc-4098-b699-8b9e2f905b50,"ONE SIZE - H6"" X W4""",20.0,More on the way,2024/01/05 19:58:31
e1ada524-f8d9-4081-8dc4-a007549ae843,"ONE SIZE - H6"" X W4""",20.0,More on the way,2024/01/05 19:58:32
0dc37f90-e69b-48be-b813-6575c92a60ce,"ONE SIZE - H10"" X W7""",40.0,More on the way,2024/01/05 19:58:34
20fb88df-9324-4e7d-bf5d-0cec0cf4aba0,"ONE SIZE - H9"" X W4""",35.0,More on the way,2024/01/05 19:58:36
b7fe5ace-c4d9-46b7-84d9-ed2b3a44a316,"MEDIUM - H10"" X W5""",28.0,Returning to stock 2-3 months,2024/01/05 19:58:37
baf2ce21-0297-416f-a7ad-0771860c64ba,"HUGE - H17"" X W7""",55.0,Out of stock,2024/01/05 19:58:39
baf2ce21-0297-416f-a7ad-0771860c64ba,"MEDIUM - H10"" X W5""",28.0,Returning to stock 2-3 months,2024/01/05 19:58:39
cf38be36-10bd-4fed-8f86-81c87b4cb3c6,"MEDIUM - H11"" X W5""",28.0,More on the way,2024/01/05 19:58:41
f0207d79-2082-414d-8f35-dd703d2d67d4,"ONE SIZE - H9"" X W4""",30.0,More on the way,2024/01/05 19:58:42
28151282-affd-4561-b942-edc42d73659b,"ONE SIZE - H10"" X W16""",80.0,More on the way,2024/01/05 19:58:44
41d1a855-f583-4ebd-8902-0203dc225418,"ONE SIZE - H6"" X W14""",50.0,More on the way,2024/01/05 19:58:46
0670b5e0-5ae9-42d0-a1a7-002e2b09bf43,"ONE SIZE - H4"" X W6""",25.0,More on the way,2024/01/05 19:58:48
7ef8520a-09b2-415e-93fd-d546a9ca6d10,"HUGE - H11"" X W13""",75.0,Out of stock,2024/01/05 19:58:50
7ef8520a-09b2-415e-93fd-d546a9ca6d10,"LARGE - H7"" X W7""",30.0,More on the way,2024/01/05 19:58:50
7ef8520a-09b2-415e-93fd-d546a9ca6d10,"SMALL - H5"" X W7""",22.0,More on the way,2024/01/05 19:58:50
72e6e2c7-dd0c-4ffe-bc6c-2c361108b02d,"ONE SIZE - H5"" X W5""",22.0,More on the way,2024/01/05 19:58:51
0e71ac7d-cc1c-4478-9edd-30648090ad82,"ONE SIZE - H7"" X W3""",22.0,More on the way,2024/01/05 19:58:53
7059b2d7-6a28-41ec-85cd-7b16f4bef0a5,"ONE SIZE - H7"" X W4""",27.5,More on the way,2024/01/05 19:58:55
d4c05124-a895-4fd4-9d5f-a060f975a7b4,"LARGE - H14"" X W4""",50.0,More on the way,2024/01/05 19:58:57
d4c05124-a895-4fd4-9d5f-a060f975a7b4,"MEDIUM - H10"" X W3""",32.5,More on the way,2024/01/05 19:58:57
7942328e-2391-4d3a-a1b1-51caf64fe35c,"MEDIUM - H12"" X W5""",28.0,More on the way,2024/01/05 19:58:58
6a822dac-778c-4e6d-bb57-9d071339bc5c,"REALLY BIG - H26"" X W12""",125.0,Out of stock,2024/01/05 19:59:00
6a822dac-778c-4e6d-bb57-9d071339bc5c,"HUGE - H20"" X W8""",80.0,Out of stock,2024/01/05 19:59:00
6a822dac-778c-4e6d-bb57-9d071339bc5c,"MEDIUM - H12"" X W5""",28.0,Returning to stock 3-4 weeks,2024/01/05 19:59:00
aaa1f36b-13d4-435b-acfc-e8dbcec43acb,"ONE SIZE - H4"" X W3""",17.0,More on the way,2024/01/05 19:59:02
87559bbe-b604-4d6b-9aec-721068100c7e,"ONE SIZE - H4"" X W3""",17.0,More on the way,2024/01/05 19:59:03
d47dee22-ebdc-43a8-8d66-c44461bfdc06,"ONE SIZE - H4"" X W3""",17.0,More on the way,2024/01/05 19:59:05
5edeebb7-3ceb-419f-9345-ec5a4ff0debb,"ONE SIZE - H8"" X W8""",15.0,Returning to stock 3-4 weeks,2024/01/05 19:59:07
4228f19c-4a6f-4a8c-9490-d259f4b59915,"ONE SIZE - H9"" X W4""",30.0,More on the way,2024/01/05 19:59:08
bc54dcd7-0fbc-4604-9699-61fe3e9e22c7,"ONE SIZE - H7"" X W5""",27.5,More on the way,2024/01/05 19:59:10
d4ae5fac-7df9-436b-9303-8b9be38d5802,"ONE SIZE - H9"" X W6""",33.0,More on the way,2024/01/05 19:59:11
42e83599-5517-4fae-89d8-a0ab28ec39c9,"ONE SIZE - H7"" X W5""",28.0,More on the way,2024/01/05 19:59:13
433d9050-cb08-4fb6-900e-582fc56b62da,"LARGE - H13"" X W7""",67.5,Out of stock,2024/01/05 19:59:15
433d9050-cb08-4fb6-900e-582fc56b62da,"MEDIUM - H9"" X W5""",30.0,More on the way,2024/01/05 19:59:15
7bfb986b-2d7b-4b99-8826-710b9d9816bf,"MEDIUM - H12"" X W5""",38.0,Returning to stock 3-4 weeks,2024/01/05 19:59:17
5e9ab197-766a-4ca2-b00b-fce75c660aca,"MEDIUM - H12"" X W5""",38.0,Returning to stock 3-4 weeks,2024/01/05 19:59:19
497c2613-4606-4176-9072-7b5484befb96,"SMALL - H8"" X W4""",25.0,Returning to stock 2-3 months,2024/01/05 19:59:20
637e22ae-081d-4bf5-b2c5-0d1dcb0f450a,"MEDIUM - H12"" X W5""",38.0,Returning to stock 3-4 weeks,2024/01/05 19:59:22
3e15f154-fc01-4586-bb81-ac9b13227008,"ONE SIZE - H4"" X W4""",20.0,More on the way,2024/01/05 19:59:24
a322675d-2bd9-443e-a972-b9c9c73381bd,"ONE SIZE - H7"" X W4""",22.0,More on the way,2024/01/05 19:59:26
2bd8d40e-7afd-427b-a044-8f15b4bf7969,"HUGE - H17"" X W9""",75.0,Out of stock,2024/01/05 19:59:27
2bd8d40e-7afd-427b-a044-8f15b4bf7969,"MEDIUM - H9"" X W5""",30.0,More on the way,2024/01/05 19:59:27
0dea72cd-056a-438c-a8de-316fc11158e5,"ONE SIZE - H6"" X W9""",33.0,Returning to stock 2-3 months,2024/01/05 19:59:29
b33117ef-7a8b-490c-b6c2-682dbf111e83,"ONE SIZE - H7"" X W4""",30.0,More on the way,2024/01/05 19:59:31
0ffde899-93a5-4c98-be20-60fb1b58f2d7,"MEDIUM - H14"" X W6""",25.0,Out of stock,2024/01/05 19:59:33
0ffde899-93a5-4c98-be20-60fb1b58f2d7,"SMALL - H9"" X W4""",18.0,Out of stock,2024/01/05 19:59:33
f11a0d3a-dd73-4668-be31-60875f963c75,"ONE SIZE - H12"" X W6""",27.5,More on the way,2024/01/05 19:59:34
d1cf91fd-d5fb-41f3-90d3-611f35f54b59,"ONE SIZE - H4"" X W10""",33.0,Returning to stock 3-4 weeks,2024/01/05 19:59:36
abb514b3-21cc-4aa6-870c-c30481c08897,"ONE SIZE - H8"" X W4""",23.5,More on the way,2024/01/05 19:59:37
b1381e9b-a6d4-4fd9-9811-0b7028290fd7,"MEDIUM - H12"" X W5""",38.0,More on the way,2024/01/05 19:59:39
fa445b69-c455-4555-b2d1-582d4d9d771f,"MEDIUM - H12"" X W5""",38.0,More on the way,2024/01/05 19:59:41
04860f1e-42a1-4aad-b030-6dfc915f5b80,"MEDIUM - H12"" X W5""",38.0,More on the way,2024/01/05 19:59:43
4b259e59-ff89-47ab-b0a4-1d0f04e26db5,"MEDIUM - H12"" X W5""",34.0,More on the way,2024/01/05 19:59:44
0c676238-2768-4aa6-8189-aa816327473e,"ONE SIZE - H5"" X W14""",30.0,Returning to stock 3-4 weeks,2024/01/05 19:59:46
6b438947-5ca9-4370-aa5e-d9fdaa90760a,"ONE SIZE - H5"" X W4""",20.0,More on the way,2024/01/05 19:59:47
f6a559e0-7e15-472b-803f-730fb399e6ea,"ONE SIZE - H8"" X W5""",18.5,More on the way,2024/01/05 19:59:49
3d2379d7-6c8b-49ab-81c0-f68c38050ca9,"ONE SIZE - H9"" X W4""",16.0,More on the way,2024/01/05 19:59:51
dad5d8ea-7ee3-4e18-8a0a-03bf2a14e120,"ONE SIZE - H9"" X W4""",30.0,More on the way,2024/01/05 19:59:52
b41fe862-a04d-406e-8ba2-630ec4d097e7,"ONE SIZE - H9"" X W4""",30.0,More on the way,2024/01/05 19:59:54
2b3f3eba-1d96-4ac1-81e1-a55ee5890129,"ONE SIZE - H7"" X W4""",22.5,More on the way,2024/01/05 19:59:56
ef83daf5-faf1-4e09-bee7-f8afe8e672bd,"ONE SIZE - H4"" X W4""",20.0,More on the way,2024/01/05 19:59:57
ad742208-8313-4a28-b654-8238dfe64d93,"ONE SIZE - H7"" X W4""",22.0,More on the way,2024/01/05 19:59:59
3ec7d8eb-e27c-41e7-8021-2559f2915029,"ONE SIZE - H11"" X W4""",30.0,More on the way,2024/01/05 20:00:01
362c9481-c507-414d-8a23-5659c2a81284,"HUGE - H7"" X W26""",126.0,More on the way,2024/01/05 20:00:03
b1c52649-02dd-4604-83a7-2448d1978248,"MEDIUM - H9"" X W6""",35.0,More on the way,2024/01/05 20:00:04
997a260b-fc5d-46ce-aaf8-751beec092aa,"ONE SIZE - H4"" X W4""",12.5,More on the way,2024/01/05 20:00:06
76be3f56-8365-4ad1-a48b-e0966742599d,"ONE SIZE - H6"" X W4""",12.5,More on the way,2024/01/05 20:00:08
ad53113d-80ca-46d5-a500-3100f4314ee9,"MEDIUM - H12"" X W5""",28.0,More on the way,2024/01/05 20:00:10
ad53113d-80ca-46d5-a500-3100f4314ee9,"SMALL - H7"" X W4""",18.0,Out of stock,2024/01/05 20:00:10
0ed87742-2958-405e-9cdb-a5e958063667,"MEDIUM - H12"" X W5""",28.0,Returning to stock 3-4 weeks,2024/01/05 20:00:12
0ed87742-2958-405e-9cdb-a5e958063667,"SMALL - H7"" X W4""",18.0,More on the way,2024/01/05 20:00:12
3d13740a-50a9-4a94-b1ac-8f0b65e1b7e7,"ONE SIZE - H7"" X W1""",19.0,More on the way,2024/01/05 20:00:14
6ca738f1-c77c-4269-a090-342fd8f17336,"ONE SIZE - H4"" X W3""",17.0,More on the way,2024/01/05 20:00:15
2f5f6fd9-28df-4e6b-b8c9-131679f26394,"MEDIUM - H12"" X W5""",38.0,Returning to stock 3-4 weeks,2024/01/05 20:00:17
f6bb06b4-da42-4011-a5c0-8ad8bb48c6a4,"MEDIUM - H12"" X W5""",38.0,Returning to stock 3-4 weeks,2024/01/05 20:00:19
39456ccc-e54a-4d25-9ca9-15e0e8a2c062,"MEDIUM - H12"" X W5""",38.0,Returning to stock 3-4 weeks,2024/01/05 20:00:21
4ed4a198-34e6-45d5-975f-d5058903740e,"ONE SIZE - H7"" X W4""",22.0,More on the way,2024/01/05 20:00:23
5a9f733e-55b1-4895-987f-2fd4ac649e86,"ONE SIZE - H11"" X W4""",30.0,Out of stock,2024/01/05 20:00:24
3b77e65c-74ef-41d6-a21a-201f14b79ac4,"ONE SIZE - H1"" X W6""",12.0,More on the way,2024/01/05 20:00:26
94447d3b-29b4-4d6a-a726-a85dd38fed27,"ONE SIZE - H5"" X W4""",20.0,More on the way,2024/01/05 20:00:28
9e7306b6-e673-4ff8-a08e-28793ab77561,"MEDIUM - H12"" X W5""",28.0,More on the way,2024/01/05 20:00:29
9e7306b6-e673-4ff8-a08e-28793ab77561,"SMALL - H7"" X W4""",16.5,Out of stock,2024/01/05 20:00:29
a97dd936-79d9-4699-a0e8-6323240680a0,"ONE SIZE - H9"" X W6""",33.0,More on the way,2024/01/05 20:00:31
162a33be-5723-40bb-8c66-c09572ddadb0,"ONE SIZE - H9"" X W6""",33.0,Returning to stock next week,2024/01/05 20:00:33
ee28ced7-74b6-4a2a-b1f9-1d9bda9a23b8,"MEDIUM - H9"" X W4""",30.0,More on the way,2024/01/05 20:00:34
dad6db4e-d21d-4a46-b72e-345861b2c89d,"ONE SIZE - H7"" X W4""",22.0,More on the way,2024/01/05 20:00:36
f76b2746-c703-4ba3-ada0-491b7ab70d4c,"ONE SIZE - H11"" X W5""",25.0,Out of stock,2024/01/05 20:00:37
d1446a40-1b60-437f-963f-6157afb01f81,"HUGE - H17"" X W9""",69.0,Out of stock,2024/01/05 20:00:39
d1446a40-1b60-437f-963f-6157afb01f81,"MEDIUM - H9"" X W4""",30.0,More on the way,2024/01/05 20:00:39
46f2a65a-b996-46f9-9d22-0d3a1e61accf,"ONE SIZE - H7"" X W4""",22.0,More on the way,2024/01/05 20:00:41
9ccc7ef5-4aaf-443c-bf0f-44fc6c60fc38,"ONE SIZE - H7"" X W4""",22.0,More on the way,2024/01/05 20:00:43
2c28c13a-6632-4d69-9f15-c558f5163466,"ONE SIZE - H7"" X W4""",22.0,More on the way,2024/01/05 20:00:45
bc0fa72b-2ca2-4a78-9e22-a898cbbb1e85,"HUGE - H9"" X W22""",120.0,Out of stock,2024/01/05 20:00:47
bc0fa72b-2ca2-4a78-9e22-a898cbbb1e85,"LARGE - H6"" X W18""",70.0,More on the way,2024/01/05 20:00:47
bc0fa72b-2ca2-4a78-9e22-a898cbbb1e85,"LITTLE - H3"" X W11""",32.5,More on the way,2024/01/05 20:00:47
c286660f-8565-46c3-81d2-517991e5b3e1,"MEDIUM - H12"" X W5""",28.0,Returning to stock 2-3 months,2024/01/05 20:00:49
c286660f-8565-46c3-81d2-517991e5b3e1,"SMALL - H7"" X W4""",18.0,Returning to stock 2-3 months,2024/01/05 20:00:49
20f4e9d1-8e04-4375-99f8-0773289c50ab,"ONE SIZE - H7"" X W1""",19.0,More on the way,2024/01/05 20:00:50
75a6a57e-d782-4643-a634-4c09328bceec,"MEDIUM - H5"" X W20""",65.0,Returning to stock 2-3 months,2024/01/05 20:00:52
75a6a57e-d782-4643-a634-4c09328bceec,"LITTLE - H3"" X W12""",32.5,Returning to stock 3-4 weeks,2024/01/05 20:00:52
a66447cd-a3d1-4d05-a387-d141c0618748,"ONE SIZE - H2"" X W4""",15.0,More on the way,2024/01/05 20:00:54
20dc4a98-968d-47d9-b790-125073eaeb2d,"ONE SIZE - H3"" X W3""",15.0,More on the way,2024/01/05 20:00:56
4c120a67-2d7f-45e3-bdcd-d0850c0b19c0,"ONE SIZE - H4"" X W4""",15.0,More on the way,2024/01/05 20:00:57
b423262f-0fb8-4db1-bbd4-6969a86c2543,"ONE SIZE - H4"" X W2""",15.0,Returning to stock 2-3 months,2024/01/05 20:00:59
fd4db4db-0f55-45ff-a4db-5de3ae1fcd37,"ONE SIZE - H9"" X W3""",24.0,More on the way,2024/01/05 20:01:01
fd7e8440-d6c0-418c-9d77-2ef159b61616,"MEDIUM - H6"" X W14""",32.5,More on the way,2024/01/05 20:01:03
fd7e8440-d6c0-418c-9d77-2ef159b61616,"SMALL - H6"" X W8""",23.5,Out of stock,2024/01/05 20:01:03
fd7e8440-d6c0-418c-9d77-2ef159b61616,"TINY - H4"" X W6""",13.5,Out of stock,2024/01/05 20:01:03
9b9bfc28-e68a-4b56-9156-72ee1d40342c,"ONE SIZE - H11"" X W7""",33.0,Returning to stock 3-4 weeks,2024/01/05 20:01:04
73903c76-f9f7-4da0-ab6e-e48b613b2ba9,"MEDIUM - H10"" X W6""",27.5,Returning to stock 2-3 months,2024/01/05 20:01:07
73903c76-f9f7-4da0-ab6e-e48b613b2ba9,"SMALL - H7"" X W4""",23.5,More on the way,2024/01/05 20:01:07
73903c76-f9f7-4da0-ab6e-e48b613b2ba9,"TINY - H5"" X W2""",13.0,Out of stock,2024/01/05 20:01:07
616cac91-8fe4-4c3f-ba12-5b71b566ef61,"MEDIUM - H5"" X W9""",35.0,More on the way,2024/01/05 20:01:08
28a6b388-dee8-4196-8317-5d689a7ee8d0,"LARGE - H22"" X W9""",75.0,More on the way,2024/01/05 20:01:10
0ddc6fcb-b81b-4a4f-b732-0a19a5dfbcd7,"ONE SIZE - H9""",15.0,Returning to stock 3-4 weeks,2024/01/05 20:01:11
4c9ee7d6-e674-4819-8eef-8ffa1dbb23f0,"MEDIUM - H9"" X W5""",35.0,More on the way,2024/01/05 20:01:13
d83b53cb-5914-4f36-a527-fcf7455704b9,"SMALL - H7"" X W4""",18.0,More on the way,2024/01/05 20:01:15
ddbadbcf-aed1-4671-8a84-7b4e1b6f58ab,"MEDIUM - H9"" X W5""",30.0,More on the way,2024/01/05 20:01:16
16cd04d5-ac4b-446a-b761-fdd540ff0325,"ONE SIZE - H9"" X W7""",23.0,Returning to stock next week,2024/01/05 20:01:18
10d1a148-8954-4cf6-8bc9-055827334ffa,"ONE SIZE - H9"" X W7""",23.0,Returning to stock next week,2024/01/05 20:01:20
cd44e985-bef5-4576-96d8-15c4cf225b46,MEDIUM,43.0,Out of stock,2024/01/05 20:01:21
806f56fc-2bf0-44df-ae7b-3edaaf60ad0b,MEDIUM,43.0,Out of stock,2024/01/05 20:01:23
10ad341e-25c7-49f6-a9ca-9f7fc623a927,"ONE SIZE - H13"" X W13""",25.0,More on the way,2024/01/05 20:01:24
10e3d8c0-a55f-4732-92fe-9eab8bc7d680,"ONE SIZE - H13"" X W4""",25.0,Returning to stock next week,2024/01/05 20:01:26
1849aacb-c1d9-4008-9d4a-b0b6804c7661,"MEDIUM - H12""",28.0,Returning to stock next week,2024/01/05 20:01:28
1849aacb-c1d9-4008-9d4a-b0b6804c7661,"SMALL - H7""",16.5,Out of stock,2024/01/05 20:01:28
11d6f76e-d409-417f-819d-e009f2ff25d1,"LARGE - H19"" X W8""",40.0,More on the way,2024/01/05 20:01:30
ae12010f-9104-4094-8f4b-0a0e56727680,"ONE SIZE - H7"" X W3""",15.0,Returning to stock 3-4 weeks,2024/01/05 20:01:32
eacf7704-9287-4805-b406-8a552c1a331d,"MEDIUM - H9"" X W5""",30.0,More on the way,2024/01/05 20:01:33
bdd58ef7-2059-4fd1-b482-5edec3802a3d,"MEDIUM - H16"" X W4""",30.0,More on the way,2024/01/05 20:01:35
36c7c6f3-563b-43b6-b4fd-7104627bf006,"LARGE - H13"" X W8""",40.0,More on the way,2024/01/05 20:01:37
36c7c6f3-563b-43b6-b4fd-7104627bf006,"MEDIUM - H9"" X W4""",28.0,More on the way,2024/01/05 20:01:37
36c7c6f3-563b-43b6-b4fd-7104627bf006,"SMALL - H4"" X W2""",15.0,More on the way,2024/01/05 20:01:37
33bfa720-734c-41eb-8b94-5f69af292fae,"HUGE - H17"" X W9""",69.0,Out of stock,2024/01/05 20:01:42
33bfa720-734c-41eb-8b94-5f69af292fae,"LARGE - H12"" X W6""",40.0,Out of stock,2024/01/05 20:01:42
33bfa720-734c-41eb-8b94-5f69af292fae,"MEDIUM - H9"" X W5""",30.0,More on the way,2024/01/05 20:01:42
33bfa720-734c-41eb-8b94-5f69af292fae,"TINY - H5"" X W3""",15.0,Out of stock,2024/01/05 20:01:42
309e88b2-2905-4c04-a783-036f3a1640bd,"MEDIUM - H15"" X W6""",27.5,More on the way,2024/01/05 20:01:44
309e88b2-2905-4c04-a783-036f3a1640bd,"SMALL - H10"" X W4""",17.0,Out of stock,2024/01/05 20:01:44
8bc328be-5af8-4e47-91f5-e41c6f6e00ea,"MEDIUM - H5"" X W14""",30.0,Returning to stock 3-4 weeks,2024/01/05 20:01:45
2de6b34b-dc87-47bd-957a-f89f84df63c6,"MEDIUM - H12"" X W5""",38.0,Returning to stock 3-4 weeks,2024/01/05 20:01:47
55f682fb-9dca-4fdf-81c6-dbed95befff5,"ONE SIZE - H13"" X W13""",25.0,More on the way,2024/01/05 20:01:49
c3615d42-9fd2-45b6-b796-321dcfd727d7,"SMALL - H7"" X W4""",15.0,Returning to stock 3-4 weeks,2024/01/05 20:01:51
cd025263-af6b-4971-bf44-57e6e58f9b58,"MEDIUM - H9"" X W14""",33.0,Returning to stock 2-3 months,2024/01/05 20:01:52
99f24a50-874e-4bda-acfe-0d29e5511164,"ONE SIZE - H6""",3.0,Out of stock,2024/01/05 20:01:54
e5bfbe82-79d1-48a1-925c-94c0e8750090,LARGE,45.0,Out of stock,2024/01/05 20:01:55
