jellycatsizeid,jellycatid,jellycatname,size,height,width,price,stock,datecreated
57ad1dd1-3694-4cb3-9fdc-e60bd7ea718f,d0379e3f-e857-4867-b808-d076f397557e,Bashful Luxe Bunny Azure,HUGE,20.0,8.0,85.0,In Stock,2024-01-11 07:02:56
1e4adbeb-8d18-4f01-9e3c-b614e1a66a7e,d0379e3f-e857-4867-b808-d076f397557e,Bashful Luxe Bunny Azure,MEDIUM,12.0,5.0,35.0,In Stock,2024-01-11 07:02:56
29a6a050-46f3-42a5-9a9e-b6a6c80ac2d3,5c5d97d6-6172-4a85-9d9a-3368c521e766,All Kinds of Cats Book,ONE SIZE,9.0,7.0,15.0,In Stock,2024-01-11 07:02:57
8d0d2f1f-b83f-41b4-a420-4564a2702e6f,484d5a7c-e70b-4935-a878-2849573e389a,Fergus Frog,ONE SIZE,13.0,4.0,50.0,In Stock,2024-01-11 07:02:59
c4e925da-7961-41ab-ba19-fe255d33d9dd,58f0fb19-5fa0-4fa2-9531-7d5c92cbff6b,Jellycat Head Giant,ONE SIZE,22.0,24.0,220.0,In Stock,2024-01-11 07:03:01
7146304b-75b8-48c1-b112-8955b1bd99d4,a410dfc7-a583-4270-b224-10ae09be6fbe,Jellycat Jack,REALLY BIG,26.0,9.0,165.0,In Stock,2024-01-11 07:03:03
bf9d21d2-f6f6-4f04-9832-bb8cb0b63560,a410dfc7-a583-4270-b224-10ae09be6fbe,Jellycat Jack,HUGE,19.0,6.0,110.0,In Stock,2024-01-11 07:03:03
5e8ee8ef-f50e-4b98-9f1e-5f80aea294ea,a410dfc7-a583-4270-b224-10ae09be6fbe,Jellycat Jack,MEDIUM,13.0,4.0,45.0,More on the way,2024-01-11 07:03:03
0d625dce-020a-4f9e-8c8e-194acb143feb,6a3be151-e56f-4459-ba60-50d33562ade6,Jellycat Bag Charm,ONE SIZE,5.0,4.0,28.0,In Stock,2024-01-11 07:03:05
eb776327-4822-49ef-9e87-f28e4cc2a8fc,89e63f39-c184-4cda-bf9b-a5402007388f,Jellycat Bag,ONE SIZE,6.0,9.0,45.0,In Stock,2024-01-11 07:03:06
ae52e040-d81b-4ddf-afca-56244a123499,bb394faa-4d09-4d24-a43d-b9bc0bef6b41,Junglie Monkey,MEDIUM,18.0,7.0,55.0,In Stock,2024-01-11 07:03:10
d3305af7-bddf-4441-8871-bb91f7eeb0cf,998ecb21-f93c-41e9-82ce-6ac570bae025,Truffles Sheep,LARGE,9.0,25.0,110.0,In Stock,2024-01-11 07:03:11
bd41e7ee-d927-4ac9-9f65-582d18a4f6ef,9e7ae986-13bf-4136-bb25-e0934263f012,Darvin Dragon,ONE SIZE,9.0,8.0,50.0,In Stock,2024-01-11 07:03:13
39b28b9f-6da6-4c86-85bb-9067ea1cfdb6,97e92308-d779-43b7-b617-b786807f98b5,Golden Dragon,HUGE,7.0,26.0,120.0,In Stock,2024-01-11 07:03:17
1d71ebae-2c9a-4748-bf2f-abff2b9ae86e,97e92308-d779-43b7-b617-b786807f98b5,Golden Dragon,LARGE,5.0,20.0,65.0,In Stock,2024-01-11 07:03:17
33dfedfe-d18f-44cd-a7aa-20ac7232c831,97e92308-d779-43b7-b617-b786807f98b5,Golden Dragon,LITTLE,3.0,12.0,32.5,In Stock,2024-01-11 07:03:17
b68222af-a0c7-4f6b-973b-fda645d32f66,c8a72df3-a98b-4372-bd1a-e1b7b4e01bb1,Golden Dragon Bag Charm,ONE SIZE,5.0,9.0,28.0,In Stock,2024-01-11 07:03:19
961c7f01-2619-4454-8f27-cdd7fdd7b980,4ad00428-c64b-47c1-ad98-43488bcdc851,Lavender Dragon Bag Charm,ONE SIZE,5.0,9.0,28.0,In Stock,2024-01-11 07:03:22
54aece99-a41f-4860-812f-0d36e9090b6b,eae5bfcc-610e-4160-b476-f6362a4e6249,Little Dragon Bag Charm,ONE SIZE,7.0,2.0,23.0,In Stock,2024-01-11 07:03:24
2068847e-3a4f-48f9-b3af-06f1d10ef0d7,85f733e7-f08f-4340-962a-e9f9db84c32e,Rose Dragon Bag Charm,ONE SIZE,5.0,9.0,28.0,In Stock,2024-01-11 07:03:26
c34c3a7a-b162-4ae5-8d26-70f7e21f1c78,44c75992-2abf-47aa-98a1-d3f94fb27b45,Snow Dragon Bag Charm,ONE SIZE,5.0,9.0,28.0,In Stock,2024-01-11 07:03:28
f2ceeb1d-8461-4df5-827b-e76e80df484d,e184a641-fe29-47a3-a75f-c9591005fcd2,Aimee Sheep,ONE SIZE,8.0,9.0,40.0,In Stock,2024-01-11 07:03:29
18a48907-d527-4e60-a450-bb65e7a259f5,5f078709-16ae-4380-b537-40228a8615d7,Bashful Red Love Heart Bunny,MEDIUM,12.0,5.0,32.0,In Stock,2024-01-11 07:03:32
f40d74d1-dcc0-432e-ab08-d8d28f42358a,5f078709-16ae-4380-b537-40228a8615d7,Bashful Red Love Heart Bunny,SMALL,7.0,4.0,25.0,In Stock,2024-01-11 07:03:32
8a641d3c-ac90-4f94-92d8-3887f49fd418,ebbbae3c-12c8-4ea3-a6e3-deae70bddbd3,Fabian Frog Prince,ONE SIZE,9.0,8.0,40.0,In Stock,2024-01-11 07:03:34
8176d4a6-6073-491a-ac48-6bb6dcdb6e2d,2095b13f-ece6-4127-a3d4-a7b7920fd9ed,Loulou Love Bug,ONE SIZE,2.0,5.0,20.0,In Stock,2024-01-11 07:03:35
81fec781-4764-406b-b619-ee0d404ace64,957123f4-1877-48ff-8cb9-a7d81a9c6c2e,Amore Bunny,MEDIUM,10.0,7.0,40.0,In Stock,2024-01-11 07:03:37
56646678-aac1-4d79-8376-38511f8a5d26,a9a51c6e-5c70-430f-9eca-0a3854fd378f,Bibbly Bobbly Sheep,ONE SIZE,14.0,9.0,55.0,In Stock,2024-01-11 07:03:38
a7151615-6b65-4fdf-8336-fd24cc65bcae,3ae0e83a-5ff1-4f96-992c-efaba63414e0,Brynlee Bee,ONE SIZE,5.0,6.0,28.0,In Stock,2024-01-11 07:03:40
fc3fdc14-5eeb-40a9-b974-56cac29ad9d0,6be16c93-9171-4c57-b684-7f3ac134e9db,Bartholomew Bear Bathrobe,MEDIUM,10.0,5.0,45.0,In Stock,2024-01-11 07:03:42
4a7a8c03-2057-46cb-9007-a769c1fc5b37,f7503b11-e4a3-4e0e-bd3e-17227c363c7b,Bashful Duckling,MEDIUM,12.0,5.0,28.0,In Stock,2024-01-11 07:03:43
e2e7200c-d700-49cf-a21d-3d75dca6d143,508e587a-bb8d-477c-841f-6ba5e85f478f,Bashful Moss Bunny,MEDIUM,12.0,5.0,28.0,In Stock,2024-01-11 07:03:45
a4ac4495-800b-4f0c-bea0-b7b2d7738085,508e587a-bb8d-477c-841f-6ba5e85f478f,Bashful Moss Bunny,SMALL,7.0,4.0,18.0,In Stock,2024-01-11 07:03:45
969a6914-22fe-44a6-889c-1396535ba029,55c2d016-ea0b-45d4-ac32-0b227f432df0,Bashful Viola Bunny,MEDIUM,12.0,5.0,28.0,In Stock,2024-01-11 07:03:47
d7806bdf-369b-49ed-b57f-8de5444c7143,55c2d016-ea0b-45d4-ac32-0b227f432df0,Bashful Viola Bunny,SMALL,7.0,4.0,18.0,In Stock,2024-01-11 07:03:47
c6251eec-aaa0-4a22-b907-61d62fc722ba,8d486c23-66a0-4c8c-9493-56f0bad95c79,Bashful Bunny with Carrot,SMALL,7.0,4.0,28.0,In Stock,2024-01-11 07:03:49
5bdedab6-43ca-4f38-b053-01634dcd7a8b,67d8bd7b-5d50-4f1a-835c-faba79178326,Bashful Bunny with Daffodil,SMALL,7.0,4.0,28.0,In Stock,2024-01-11 07:03:50
1103f397-c060-4586-b014-2838c59b6da0,a5fc396c-b4b3-45f5-9ddb-ccd1f77e07da,Lottie Fairy Bunny Book,ONE SIZE,7.0,7.0,15.0,In Stock,2024-01-11 07:03:52
b89d838d-5a37-4a1b-9e03-1e08db169a91,4f945398-8d74-4a25-8bc2-70c8ab586b36,Blossom Cherry Bunny,MEDIUM,12.0,5.0,28.0,In Stock,2024-01-11 07:03:54
d888e5ed-cd73-4e7f-b4da-000e5601f095,4f945398-8d74-4a25-8bc2-70c8ab586b36,Blossom Cherry Bunny,SMALL,7.0,4.0,18.0,In Stock,2024-01-11 07:03:54
7447a0f8-2eaa-4934-a380-b7a6876a5420,58595bd5-68cd-4d7e-953c-33e7154e0f8b,Dainty Dessert Bunny Macaron,ONE SIZE,5.0,5.0,28.0,In Stock,2024-01-11 07:03:56
f06daf9d-9d08-415f-b12b-690aa38dbaf3,a0256f58-dfc9-491b-b13f-168e8f175077,Fluffy Duck,ONE SIZE,4.0,2.0,15.0,In Stock,2024-01-11 07:03:57
14ea2e8c-8e36-41c6-921b-cfe8d11d2220,decb5381-0bbe-4c06-a170-7873691cd459,Finnegan Frog,ONE SIZE,9.0,3.0,20.0,In Stock,2024-01-11 07:03:59
3b721e3d-ab5e-4e78-84ff-303e7e5161d7,1eb943be-d778-4cf3-87d0-9da3a4c63225,Lottie Bunny Fairy,ONE SIZE,11.0,3.0,32.5,In Stock,2024-01-11 07:04:01
9f0eabf9-b85c-4f78-9585-a95feadf0ffd,27146681-80e4-4712-851d-23c63d0c9a46,Messenger Bunny,ONE SIZE,7.0,5.0,32.5,In Stock,2024-01-11 07:04:03
5e389fe1-968b-45b8-9c9e-19f049b5d852,f196d51d-ae32-43bb-b2d1-b9d5f474d69b,Smudge Rabbit Big,BIG,6.0,17.0,75.0,In Stock,2024-01-11 07:04:05
79880207-8dc9-44e8-98e4-627a453036d4,c127f917-9801-458c-a4fb-2721a9db479d,Amore Corgi,MEDIUM,10.0,7.0,40.0,In Stock,2024-01-11 07:04:07
d91a830e-a7de-4dbb-b0d6-2dd572336ce4,d3a272c8-b03c-4c2c-8a0b-fc6624f194fe,Bartholomew Bear Pumpkin,LARGE,14.0,8.0,55.0,In Stock,2024-01-11 07:04:08
235f1a2a-efae-4364-93e5-0cb84b36c515,ec5feb70-c817-483f-abaf-3c447e978e44,Bashful Hedgehog,MEDIUM,12.0,5.0,28.0,In Stock,2024-01-11 07:04:11
ac0589da-3973-42b8-86dc-9e9eae24f3bb,d93e0f4e-9920-4786-ae43-2fa9f74c171a,Bashful Pegasus,MEDIUM,12.0,5.0,28.0,In Stock,2024-01-11 07:04:13
d6b9680f-ce3b-4350-8dc1-c5316a531b88,6872f955-28bd-416e-b2c3-a41daa6a3c6e,If I Were an Owl Board Book,ONE SIZE,6.0,6.0,13.5,In Stock,2024-01-11 07:04:15
f9841a37-ad15-419f-a851-f52dc1a59eb3,03ef36d2-9202-48ab-9254-2706f685ffd4,Betty Corgi Bag Charm,ONE SIZE,4.0,2.0,23.0,In Stock,2024-01-11 07:04:17
92529bc2-da67-4b67-8129-c332d2a63fc2,9e78ad63-69af-4dd8-9b35-ea5caff42298,Rory Le Courageux Petit Lion Livre (The Very Brave Lion),ONE SIZE,9.0,9.0,15.0,In Stock,2024-01-11 07:04:18
0d71621b-05da-4976-a18b-ef4626cbe9fe,83068a88-179e-44ad-8fd9-e9b4d2674f86,Lapin Timide Et Ses Petites Aventures Livre (Little Me),ONE SIZE,8.0,8.0,15.0,In Stock,2024-01-11 07:04:20
3a9579be-c50e-4e94-a583-fe2f316833ce,5d6d458c-93cd-444e-b6ff-ec4d6f31eafe,Lapin Timide Veille Sur Tes Nuits Livre (The Magic Bunny),ONE SIZE,7.0,7.0,15.0,In Stock,2024-01-11 07:04:21
d2af5bdb-ef6d-4289-8f96-64b9299c8c85,530e38a6-69db-4139-b38c-31bce1b5b7ee,Lapin Timide Veut Grandir Livre (When I Am Big),ONE SIZE,8.0,8.0,15.0,In Stock,2024-01-11 07:04:23
9eb3b8b2-e2dc-4d03-8755-974e5a60ee6e,1bceb8c7-644f-43d8-9566-93ed214f71bf,Bodacious Beak Parrot,ONE SIZE,9.0,4.0,30.0,In Stock,2024-01-11 07:04:24
966a23db-49cd-4bc6-ba50-659394278e14,bd269c93-d8d2-4b16-95e3-ee4634b1c195,Bodacious Beak Toucan,ONE SIZE,9.0,4.0,30.0,In Stock,2024-01-11 07:04:26
4fdc7da1-328c-4f6d-9ae8-18faa494ef44,b3ce7c53-130f-44cb-91d8-a7bac90b3d6d,Bryno Dino,ONE SIZE,12.0,6.0,55.0,In Stock,2024-01-11 07:04:28
4697849f-ee20-425f-a256-37c4331f723f,c71b9815-78f7-4a90-89ef-882404d57f6e,Coquette Cutie Bunny,ONE SIZE,10.0,2.0,32.5,In Stock,2024-01-11 07:04:29
ce1efc76-c6a1-4208-a87e-1205ff3ff81e,737c99cd-e94c-4233-831a-015a3bbb743d,Comfy Coat Bunny,ONE SIZE,7.0,3.0,25.0,In Stock,2024-01-11 07:04:31
85b50673-6d57-4429-ab6b-5b4d0405f30d,3c7fb362-ffd8-4db2-ab27-baf94eb078e5,Comfy Coat Mouse,ONE SIZE,7.0,3.0,25.0,In Stock,2024-01-11 07:04:32
fc72722e-6e63-4b41-9bec-ffd2ce5fecd4,d57a98eb-a913-4eac-a1d3-5de84ca24580,Cuddlebud Bernard Bunny,ONE SIZE,6.0,4.0,28.0,In Stock,2024-01-11 07:04:34
e37a9b67-cf8c-4138-a9cc-5d7b7956cbd9,bc98e3f1-efcd-47ac-b9c5-f7c5fee85ec7,Cuddlebud Darcy Dormouse,ONE SIZE,6.0,4.0,28.0,In Stock,2024-01-11 07:04:36
99ddedcf-6ba9-4a2c-86b5-bde895430490,fae292ef-ffee-4ef9-ae4e-60db41880db9,Cuddlebud Morgan Mole,ONE SIZE,6.0,4.0,28.0,In Stock,2024-01-11 07:04:37
a05347f4-90a1-4747-a281-2e27c761eec3,2d6d868b-0cf1-45ec-86f4-c119e0dd30f4,Spooky Greta Gremlin,ONE SIZE,11.0,4.0,40.0,In Stock,2024-01-11 07:04:39
d5f616bb-6750-4ce7-b032-1e0e7dca82f4,3f2b15ef-c05e-4446-8c42-6346d5ee78d1,Harvey Bear,ONE SIZE,11.0,25.0,150.0,In Stock,2024-01-11 07:04:40
2723d343-c9c5-4194-b84b-ac9ea291e4ca,2c3534dd-c9bd-448f-8cef-f87a2774c4c2,Huddles Grey Elephant,ONE SIZE,10.0,6.0,45.0,In Stock,2024-01-11 07:04:42
c59a7b46-e288-4136-94be-bf8e7fc05052,f50f01a4-d8d6-4941-81f9-7828bb0178b2,Isadora Unicorn,ONE SIZE,13.0,13.0,65.0,In Stock,2024-01-11 07:04:43
b2c28559-c0f1-402e-97d2-e72feb01a122,2ed56477-7389-4bfa-8e36-59a22b8134a5,Little Dragon,ONE SIZE,7.0,4.0,22.0,In Stock,2024-01-11 07:04:45
e1d98299-fd40-46dd-b035-8b873316bece,87939f98-3b7a-43f3-b892-0ca5dc5b734f,Lois Lionfish,ONE SIZE,6.0,10.0,35.0,In Stock,2024-01-11 07:04:46
a46615b2-01b3-41bf-91c7-74bbed24434e,05269f02-3328-4ecf-a287-b21ec17128e4,Napping Nipper Westie,ONE SIZE,4.0,6.0,25.0,In Stock,2024-01-11 07:04:48
f451648f-a4dd-4f47-8177-e26c7d5858eb,00d76024-94fd-47d5-bc9c-297a4b93c953,Otto Sausage Dog Bag Charm,ONE SIZE,4.0,2.0,23.0,In Stock,2024-01-11 07:04:50
fce59e51-6fc2-453f-82eb-5fe7b2bbe067,8609835a-bc27-4641-bc70-a47b4f942541,Ricky Rain Frog Bag,ONE SIZE,7.0,7.0,40.0,In Stock,2024-01-11 07:04:51
4c04a28a-0da0-488f-ba23-ca40a8f5455c,20390900-5561-4516-8159-b47d1dceaf16,Stellan Sabre Tooth Tiger,ONE SIZE,19.0,7.0,75.0,In Stock,2024-01-11 07:04:53
1388bc31-1269-4a75-96fd-51a30d7dad1f,7053db5b-8cae-4b0d-9355-c4ff20c6b5e4,Sweater French Bulldog Purple,ONE SIZE,7.0,7.0,32.5,In Stock,2024-01-11 07:04:54
29100603-cdc4-4eb5-a13e-af6a09e0b88c,f212c2f4-92df-435e-b192-238eccf9294f,Bashful Snow Tiger Soother,ONE SIZE,13.0,13.0,25.0,In Stock,2024-01-11 07:04:56
862b9b9d-e35d-4678-a7fb-eef2f94ef623,9bbd5178-f235-448c-97f8-29016afe3fc9,Spindleshanks Spider,SMALL,3.0,14.0,27.5,In Stock,2024-01-11 07:04:58
020400a6-ce9b-4203-9453-efdc82146b76,0501a6cf-ccc6-4f29-985e-bf5184d908d2,Stanley Stick Insect,ONE SIZE,3.0,11.0,28.0,In Stock,2024-01-11 07:04:59
a4e27da9-04bc-4b1c-98dd-a45901a66ba7,600eab7a-5eab-4352-99cb-857fd4082656,Viggo Mammoth,ONE SIZE,19.0,7.0,75.0,In Stock,2024-01-11 07:05:01
5e6c95d3-09f7-494b-8635-f4ea52876ccf,15db9c4d-5c2a-44bc-b09c-18df1f766c89,Maya Octopus,REALLY BIG,30.0,12.0,130.0,In Stock,2024-01-11 07:05:03
9950ad30-018e-4484-b091-1f19a849b873,15db9c4d-5c2a-44bc-b09c-18df1f766c89,Maya Octopus,LARGE,19.0,7.0,53.0,More on the way,2024-01-11 07:05:03
6ca081dc-1731-468a-a8d6-5d85273bdc6b,15db9c4d-5c2a-44bc-b09c-18df1f766c89,Maya Octopus,LITTLE,9.0,4.0,30.0,Returning to stock next week,2024-01-11 07:05:03
18d747a0-2a1a-4036-bdcc-ec144381970c,15db9c4d-5c2a-44bc-b09c-18df1f766c89,Maya Octopus,TINY,6.0,3.0,18.0,In Stock,2024-01-11 07:05:03
b207285c-b0b0-4745-af4b-609598ed2a23,fe8d45f7-3681-4772-92a5-98873288ce3c,Albert Jack Russell,ONE SIZE,7.0,6.0,30.0,In Stock,2024-01-11 07:05:04
bd1fdcb5-2415-4da9-aaf6-6af0b706675e,e63f1e0e-3887-435c-9882-22fc8db65129,Birdling Hummingbird,ONE SIZE,4.0,2.0,17.0,In Stock,2024-01-11 07:05:06
4a529313-b812-4dbe-aa1e-011fcd35ad6a,ad9b2f28-3955-4686-82f7-5dea5d13bf23,Bashful Christmas Bunny,MEDIUM,12.0,5.0,27.5,In Stock,2024-01-11 07:05:08
d92b5e75-72b9-499b-b3b7-b4af89d97161,26982828-b678-4d37-927c-18e101c24daa,Bashful Luxe Bunny Luna,HUGE,20.0,8.0,85.0,In Stock,2024-01-11 07:05:10
8158f597-4b8e-4a53-a376-2b7ac56f9532,26982828-b678-4d37-927c-18e101c24daa,Bashful Luxe Bunny Luna,MEDIUM,12.0,5.0,35.0,In Stock,2024-01-11 07:05:10
852c1d37-768a-4703-a0b5-eea1d24f0538,49eb795b-92d4-4b29-95a4-49515db3f5ea,Bashful Christmas Bunny Decoration,TINY,5.0,2.0,15.0,In Stock,2024-01-11 07:05:11
7a3ef083-e4ff-4664-b6a9-251016ed424a,8b69cfcc-63a1-4016-a9e3-51cef8850dca,Merry Mouse Book,ONE SIZE,7.0,7.0,15.0,In Stock,2024-01-11 07:05:13
545dc831-7625-42c4-a64e-c2a16d640458,54f83dc4-3d76-4619-8677-57e675a4142e,Otto’s Snowy Christmas Book,ONE SIZE,7.0,9.0,15.0,In Stock,2024-01-11 07:05:15
8a4a77f7-b54f-4c6a-b98b-b719e9dda7cf,2f92c20a-f219-4d1b-a539-8143ea352e37,The Playful Polar Bears Book,ONE SIZE,8.0,8.0,15.0,In Stock,2024-01-11 07:05:16
6939d0a6-6192-4163-8117-a1b9e601e43b,648a462c-c95f-4772-a566-34c5957b0bb9,Mitzi Reindeer’s Dream Book,ONE SIZE,8.0,8.0,15.0,In Stock,2024-01-11 07:05:18
9a4543a0-22e8-4789-bb1e-521695e216b7,a27fb6c6-36d5-4a42-b392-c68032534c6a,Festive Folly Penguin,ONE SIZE,4.0,2.0,12.5,In Stock,2024-01-11 07:05:24
ed3c6ca3-cef1-4f1c-b333-692d5ce9bf74,c08d5ba8-4469-4129-b1f0-6bbaa42e0737,Sofia Reindeer,ONE SIZE,17.0,5.0,60.0,In Stock,2024-01-11 07:05:32
1e889ff2-2cbd-4c95-a51b-4aae42b29883,ad0b45a0-bc54-4426-abd4-2968315b557a,Christmas Grizzo,ONE SIZE,11.0,4.0,37.5,In Stock,2024-01-11 07:05:34
914fc80a-5e40-48df-a8a6-29c73d4d175e,0e07d26c-b784-48a6-9f4c-1c19a4de6504,Maurice Macaroni Penguin,ONE SIZE,8.0,5.0,32.5,In Stock,2024-01-11 07:05:36
b01d2f20-ffa6-4834-9be1-5a2a3a55fc6d,dec21ecc-1c9f-47ad-805c-5827de2350dd,Merry Mouse,ONE SIZE,7.0,4.0,27.5,In Stock,2024-01-11 07:05:37
91ffad95-9c11-43f6-a2a8-c823a8c31819,afbc7f7f-407a-454d-9fd2-fec4ecefdc9b,Merry Mouse Present,ONE SIZE,7.0,4.0,27.5,In Stock,2024-01-11 07:05:39
aad10f1e-80c2-4899-95bf-8adb5243b43b,e4896773-5e7a-4f00-88cf-efed3ebdae0c,Merry Mouse Skiing,ONE SIZE,8.0,5.0,37.5,In Stock,2024-01-11 07:05:41
ab475efb-627d-4751-a0e1-e0094a4bee4a,0da71875-f778-4dc6-afb2-cc79f4b57b15,Winter Warmer Otto Sausage Dog,ONE SIZE,6.0,3.0,32.5,In Stock,2024-01-11 07:05:43
3d474d05-453e-4692-bd59-142704d9ba20,e8874d9f-6446-4d46-ac88-178572522e8f,Personalised Bashful Luxe Bunny Luna Huge,HUGE,20.0,8.0,91.0,In Stock,2024-01-11 07:05:44
c86ad0b6-4dfb-4b2e-802e-3e91a36f73ce,82020225-eb0d-4e32-9236-0c7dd9bebc3e,Personalised Bashful Luxe Bunny Luna Medium,MEDIUM,12.0,5.0,41.0,In Stock,2024-01-11 07:05:46
0dca1cc7-82be-4c02-ab27-f821b7ff77af,c9cf413d-1564-4a9a-a3b5-0059583a940f,Winter Warmer Pippa Black Labrador,ONE SIZE,9.0,3.0,32.5,In Stock,2024-01-11 07:05:48
c68b7540-dcde-45bd-91e3-0c7a51efdca0,84ec7613-e128-468d-8e1a-33841664ec18,Santa Ricky Rain Frog,ONE SIZE,6.0,5.0,35.0,In Stock,2024-01-11 07:05:49
96418ff5-0268-4de2-82e5-1c4cacf08dd3,f5fa535d-f2b3-4319-a5a4-3a0b830f4ee8,Otto's Snowy Christmas Book & Winter Warmer Otto Sausage Dog,ONE SIZE,,,47.5,In Stock,2024-01-11 07:05:51
26136f3c-d70a-4932-9245-3a8c2864cfb9,de25c509-7ab0-400c-938a-40fda8ae00a6,Amuseabean Bunny,ONE SIZE,4.0,4.0,20.0,In Stock,2024-01-11 07:05:53
dcaf9dd2-d6cb-4263-987d-adf346aa09aa,19eac255-bfa7-4c16-850e-dcbf3851cc37,Amuseabean Highland Cow,ONE SIZE,4.0,4.0,20.0,In Stock,2024-01-11 07:05:54
3d9c3ed5-5f08-47d7-8d59-07c86e21327a,cc86b22f-c4eb-4994-b475-878647b999c3,Amuseabean Ram,ONE SIZE,4.0,4.0,20.0,In Stock,2024-01-11 07:05:56
8fccfbf2-e797-4bdd-a938-86721d5c6e5d,7c3a5833-fe11-4d93-9964-51a153aa7b0b,Bartholomew Bear Bag Charm,ONE SIZE,5.0,2.0,23.0,In Stock,2024-01-11 07:05:57
7c5c3721-eb45-4171-8029-677b3555ea18,1fb7d99c-884e-4e03-ae4a-60a978469963,Bashful Luxe Bunny Rosa,HUGE,20.0,8.0,85.0,More on the way,2024-01-11 07:05:59
4e1c3f67-0f9e-4a6a-9cab-bb40dbc3c754,1fb7d99c-884e-4e03-ae4a-60a978469963,Bashful Luxe Bunny Rosa,MEDIUM,12.0,5.0,35.0,In Stock,2024-01-11 07:05:59
1c761088-54e1-4831-a281-e0d782454b31,3a47b4cb-1ed3-4d70-a601-2b39a1bbeffc,Bashful Luxe Bunny Willow,HUGE,20.0,8.0,85.0,More on the way,2024-01-11 07:06:02
61a04529-3a11-464d-b4f4-610b2bef0f97,3a47b4cb-1ed3-4d70-a601-2b39a1bbeffc,Bashful Luxe Bunny Willow,MEDIUM,12.0,5.0,35.0,In Stock,2024-01-11 07:06:02
9ca10438-1c87-4478-bbd4-21e33fcc5778,d5ca36c7-a1fe-49f7-bd87-f3e5e8ca4bd0,Birdling Goldfinch,ONE SIZE,4.0,3.0,17.0,In Stock,2024-01-11 07:06:03
05fc88f0-64a9-458a-a7e1-b78c2603e12c,68bc9e70-2374-423f-a37c-290189333d4d,Birdling Swallow,ONE SIZE,4.0,3.0,17.0,In Stock,2024-01-11 07:06:05
63c43720-e545-449c-b166-54db35ef756e,f37bdb0e-1a30-4253-9ec1-bab312a829c7,Blowzy Belle Sheep,ONE SIZE,16.0,4.0,37.5,In Stock,2024-01-11 07:06:06
78dd4ba9-2f30-40c7-bd47-4087ad8d7eaa,67708c99-2405-47fe-bd75-82fee23f30bc,Fou Fou Ostrich,ONE SIZE,8.0,6.0,28.5,In Stock,2024-01-11 07:06:08
4c0cb573-6a86-44de-93ed-2c81724e18ed,b870cbf8-5538-4e51-810f-9d3a9527868e,Fou Fou Peacock,ONE SIZE,8.0,6.0,28.5,In Stock,2024-01-11 07:06:10
2dba7164-ecb4-4d93-b0c7-dcf725cbbe35,c527b455-eb8e-4224-9ab2-e720ac4bd86c,Fuzzkin Monkey,ONE SIZE,9.0,4.0,25.0,In Stock,2024-01-11 07:06:11
8c0ffb2b-b301-4ea4-9571-1f7738fa0779,0e0ba202-02a8-4e9a-9774-180bf369896d,Ginny Goat,ONE SIZE,10.0,6.0,35.0,In Stock,2024-01-11 07:06:13
d0d1e58d-d2f6-4c3a-9eec-33bf58477d03,de5e919f-b239-4b01-9d25-fb5b9b43b503,Gracie Grouper Fish,ONE SIZE,4.0,10.0,30.0,In Stock,2024-01-11 07:06:14
49b70117-67da-45f6-981c-da63cee533eb,f232c7ec-3607-4c8d-9e5a-d7b879874135,Hector Fox Terrier,ONE SIZE,9.0,4.0,35.0,In Stock,2024-01-11 07:06:16
73e836d6-14e5-4165-8f5a-1888ec44b351,41691904-1bc1-4ef7-af9e-44c1a961d535,Jinx Monster,ONE SIZE,17.0,6.0,35.0,In Stock,2024-01-11 07:06:18
8719d2a9-c23c-478b-b550-4c33ac53c144,dd5fe690-b566-41d5-8089-c87995d685ba,Jollipop Cat,ONE SIZE,8.0,4.0,23.5,In Stock,2024-01-11 07:06:19
31f42620-224f-420b-94d1-6e48fef8e36c,307292db-25bd-4426-92ea-d1e39615f655,Jollipop Puppy,ONE SIZE,8.0,4.0,23.5,In Stock,2024-01-11 07:06:21
96950db8-4b18-4fc2-83bc-bf07e34a626e,112cb09a-44f1-40af-b77a-44458124315f,Little Monkey,ONE SIZE,7.0,4.0,22.0,In Stock,2024-01-11 07:06:22
20d8abfc-5ed0-4f7d-8735-81e46a8366d8,12db1af7-5477-44d9-98cf-ee26af4931e9,Lavender Dragon,HUGE,7.0,26.0,120.0,In Stock,2024-01-11 07:06:25
b655597a-992f-4612-998d-66477914547d,12db1af7-5477-44d9-98cf-ee26af4931e9,Lavender Dragon,MEDIUM,5.0,20.0,65.0,In Stock,2024-01-11 07:06:25
04821c60-e145-4ef9-8eb8-6b9e52e64a22,12db1af7-5477-44d9-98cf-ee26af4931e9,Lavender Dragon,LITTLE,3.0,12.0,32.5,In Stock,2024-01-11 07:06:25
0a4edc6f-5568-4673-84d2-b6967544a4b1,fb9a038d-1eb5-46f0-8eea-4f7cc19c0572,Lila Ballerina Bunny,ONE SIZE,13.0,2.0,35.0,In Stock,2024-01-11 07:06:26
98cf006f-2569-4672-a9cf-f34067321178,d571729c-3656-4945-a047-68b96dce6c1a,Madison Monkey,ONE SIZE,13.0,2.0,32.5,In Stock,2024-01-11 07:06:28
efe5c94d-14e6-4047-9415-cd773630f671,d039ede7-3efa-4505-8064-4afd34bf492c,Ollivander the Orca,ONE SIZE,9.0,25.0,70.0,In Stock,2024-01-11 07:06:29
b4986742-9e0d-48cb-929b-73a7c179354b,e7f06df1-e849-4e16-b137-e302cb581aef,Oswald Orangutan,ONE SIZE,13.0,12.0,65.0,In Stock,2024-01-11 07:06:31
11550839-a4df-4fef-b156-988adb31409f,8c627f46-065d-43be-809c-edbc1ed7e1a1,Personalised Bashful Luxe Bunny Willow Huge,HUGE,20.0,8.0,91.0,In Stock,2024-01-11 07:06:33
2df2beff-279c-482e-b6b3-350efbce9392,9f44ce7c-bb92-4a94-ac87-210cec21dd23,Personalised Bashful Luxe Bunny Rosa Medium,MEDIUM,12.0,5.0,41.0,In Stock,2024-01-11 07:06:35
13b39d50-9ca3-42b9-a7c0-354030054c43,0377bf3c-c9da-4c7f-a862-3560ec99dbf8,Personalised Bashful Luxe Bunny Willow Medium,MEDIUM,12.0,5.0,41.0,In Stock,2024-01-11 07:06:37
c71be966-f30a-4918-9ca7-94616a72da09,f117ed7c-8267-46ca-b52f-2e2f91056681,Personalised Lavender Dragon Huge,HUGE,7.0,26.0,126.0,In Stock,2024-01-11 07:06:39
d958bfa8-9e44-44ac-855e-9e62f5614ff2,ee097648-aed4-4af9-b23f-de831d29c37b,Pippa Black Labrador,ONE SIZE,9.0,4.0,33.0,In Stock,2024-01-11 07:06:40
bf7aad5d-80e9-4401-a579-8bc2a3086358,f226438c-9249-4937-9fdb-393292a2bd37,Quaxy Elephant,ONE SIZE,10.0,6.0,35.0,In Stock,2024-01-11 07:06:42
b12f8cf9-51e5-4f43-85da-03d33c2ed6b3,745333ad-ed81-4bf5-81e4-44c7365a9a48,Quaxy Pig,ONE SIZE,10.0,6.0,35.0,In Stock,2024-01-11 07:06:44
65391d1a-76c1-414d-bb48-9dff28adcf76,1c9abfde-880d-404b-9514-a92ce24ba170,Ramonda Ostrich,ONE SIZE,22.0,6.0,40.0,In Stock,2024-01-11 07:06:45
71dff536-1022-428a-b623-92aa32c0ddbc,ec3c4b4d-8dbe-4119-91b2-d0c52deba9ad,Rock-a-Bye Kitten,ONE SIZE,7.0,4.0,30.0,In Stock,2024-01-11 07:06:47
4611d246-c537-4032-933c-28c8083020ae,7bbcda7e-4a44-45a4-829d-6f1770fd0bee,Sweetsicle Bunny,ONE SIZE,6.0,3.0,20.0,In Stock,2024-01-11 07:06:48
92077d9b-9d02-4526-8e7d-f99c5d277b41,b5bd4abd-b217-4b74-82d1-7e6a7bd6d896,Syd Salamander,ONE SIZE,10.0,4.0,27.5,In Stock,2024-01-11 07:06:50
3dd14007-d025-4ae7-b07e-68a3704911ae,7c0bc18d-d880-4d75-8891-36c97273da7a,Bashful Hot Pink Bunny,MEDIUM,12.0,5.0,28.0,In Stock,2024-01-11 07:06:53
5e796eb5-c4fc-4dd7-9937-bf6383f6ce29,7c0bc18d-d880-4d75-8891-36c97273da7a,Bashful Hot Pink Bunny,SMALL,7.0,4.0,18.0,In Stock,2024-01-11 07:06:53
e7b6ba1c-2acb-4448-a3ad-a0b27a1d3a81,aea14399-158b-4087-8d29-ca07216764fe,Bashful Sunshine Bunny,MEDIUM,12.0,5.0,28.0,In Stock,2024-01-11 07:06:55
330df5ce-85f7-4257-a292-38bfde7de918,aea14399-158b-4087-8d29-ca07216764fe,Bashful Sunshine Bunny,SMALL,7.0,4.0,18.0,In Stock,2024-01-11 07:06:55
a17a1832-75ee-4396-b71b-b596ea657e1e,b735f252-ce29-44de-81b4-8405ffda96be,Goodnight Bunny Book,ONE SIZE,7.0,7.0,15.0,In Stock,2024-01-11 07:06:57
e68e6825-ef89-4265-8449-2b3d132e2426,203933ce-dfa5-48b6-9656-11039c7db0db,Bluebell Butterfly,ONE SIZE,8.0,13.0,33.0,In Stock,2024-01-11 07:06:58
3c082d44-67df-4efb-8692-75a2986f3389,e407bdbd-59df-4d9a-9b66-7a24a1acd2f7,Bonnie Bunny with Egg,ONE SIZE,6.0,3.0,23.5,In Stock,2024-01-11 07:07:00
1f18e40b-8933-4243-a019-c742472bb934,4db28c87-e96e-49ae-ad44-a58f7b05dff8,Burly Boo Sheep,ONE SIZE,7.0,5.0,25.0,In Stock,2024-01-11 07:07:01
1356f6b8-983e-4804-8418-38a36f1d0a2c,4ce2d444-3a92-4adb-9221-57d24603d3af,Cluny Cockerel,ONE SIZE,9.0,5.0,35.0,In Stock,2024-01-11 07:07:03
e49cb25a-1b95-4c69-a5c1-f91cd20b241f,87688e54-44b1-40e9-9329-d700a964045e,Escarfgot Purple,ONE SIZE,6.0,3.0,20.0,In Stock,2024-01-11 07:07:04
99775522-b218-40f5-a651-10adc8acd3e0,f91f468a-b2c4-4790-a3a2-8155eba3d321,Escarfgot Pink,ONE SIZE,5.0,2.0,20.0,In Stock,2024-01-11 07:07:06
a55ca711-d48b-4f34-bbf7-5fcac7c31591,b0335cd7-c042-469d-a95a-9761fe514c29,Bashful Hot Pink Bunny with Personalised Cream Jumper,MEDIUM,12.0,5.0,38.0,In Stock,2024-01-11 07:07:08
595142b1-90c3-4f20-b2a1-c08a8a29eb37,0b134746-fb35-4113-8c7e-2eeebe413450,Bashful Sunshine Bunny with Personalised Cream Jumper,MEDIUM,12.0,5.0,38.0,In Stock,2024-01-11 07:07:10
b457977f-f3b4-4cc4-bdd1-0de4e96ca740,ac7a2031-129d-47ff-a5cb-48768fc03287,Bashful Hot Pink Bunny with Personalised Navy Jumper,MEDIUM,12.0,5.0,38.0,In Stock,2024-01-11 07:07:12
96ada3aa-5325-4773-9dec-08ab3e940391,c2001713-8b5b-4e82-bcb9-4f395282d75b,Bashful Sunshine Bunny with Personalised Navy Jumper,MEDIUM,12.0,5.0,38.0,In Stock,2024-01-11 07:07:13
48366201-6923-42f2-a15e-59198521c36b,2843c1fc-f8b0-4a91-805a-436b2f131e38,Bashful Sunshine Bunny with Personalised Red Jumper,MEDIUM,12.0,5.0,38.0,In Stock,2024-01-11 07:07:15
1f73cbaa-bae4-4e8e-b623-6ad010fcb06e,e411ab77-c4a0-4d85-8491-ba72967fe36b,Layla Ladybird,ONE SIZE,3.0,6.0,25.0,In Stock,2024-01-11 07:07:17
eb73b9d1-4984-4942-b3d8-e973c51c5a99,ecc8eca5-988f-4970-b0e4-714be86127fd,Nesting Bunnies,ONE SIZE,4.0,6.0,35.0,In Stock,2024-01-11 07:07:19
14969354-68bf-401d-9370-36bb7f8b8ab2,e45e804a-861e-48cb-a403-4cf215f345e1,Personalised Bashful Hot Pink Bunny Medium,MEDIUM,12.0,5.0,34.0,In Stock,2024-01-11 07:07:21
75e90b54-c9ab-4454-8277-fab5300a6842,5d70a8f9-6728-4efb-9044-8dd56c78b650,Personalised Bashful Sunshine Bunny Medium,MEDIUM,12.0,5.0,34.0,In Stock,2024-01-11 07:07:23
5ed23ef4-be54-4be8-8dca-bb15d1b38d0e,3d49a5e0-f3af-49ad-b31a-344e5b831685,Blossom Heart Blush Bunny,ONE SIZE,6.0,3.0,17.5,In Stock,2024-01-11 07:07:24
bd35ec27-d8bc-4513-8994-ff334950cae4,d8248864-22d7-4a23-aaac-d5a36e1ca33d,Blossom Heart Tulip Bunny,ONE SIZE,6.0,3.0,17.5,In Stock,2024-01-11 07:07:26
27b5d513-85dd-46f8-a0f4-55d72e917da2,01f13610-d816-495b-b840-084939c0d8ed,Crowning Croaker Green Frog,ONE SIZE,5.0,3.0,17.5,In Stock,2024-01-11 07:07:27
a1afceae-f7cb-4540-9318-a8cc8bd42894,3b8673d3-bc41-4d74-99e1-64e020bb4810,Love-Me Lobster,ONE SIZE,6.0,3.0,24.0,In Stock,2024-01-11 07:07:29
f0bb4613-3e7e-44eb-9f64-b24b8892cc60,08d4ecee-64cb-4c2a-a310-b1f73fadcfad,Ambrosie Fox,ONE SIZE,9.0,5.0,35.0,In Stock,2024-01-11 07:07:31
6d01adda-ed8f-46b0-8ad9-ada7bbbf4f67,f38d1931-f7d4-46e4-86e0-07d3ff80281c,Ambrosie Hare,ONE SIZE,9.0,4.0,35.0,In Stock,2024-01-11 07:07:32
44420d3c-0eae-4035-aa87-657207d598d4,5f7cafd7-9cd5-41f7-82ab-0332c75adacd,Anoraknid Black Spider,ONE SIZE,5.0,4.0,20.0,In Stock,2024-01-11 07:07:34
7a3fca69-f05f-4162-854b-d4af8686cd2f,0043a08e-469a-4074-b3c3-2c800f733214,Andie Axolotl,MEDIUM,11.0,5.0,32.5,In Stock,2024-01-11 07:07:35
ce314665-b2c9-4629-8847-b676a101d302,0043a08e-469a-4074-b3c3-2c800f733214,Andie Axolotl,SMALL,7.0,2.0,22.0,Out of stock,2024-01-11 07:07:35
1c23da62-571a-445c-b05c-08d8af87c230,003a3fb6-71e0-48be-af2a-0d4b0c30ee57,Bashful Golden Bunny,MEDIUM,12.0,5.0,28.0,In Stock,2024-01-11 07:07:38
a204e087-844e-4425-99a4-3cb6641f1d10,003a3fb6-71e0-48be-af2a-0d4b0c30ee57,Bashful Golden Bunny,SMALL,7.0,4.0,18.0,In Stock,2024-01-11 07:07:38
2bd980b9-a252-43f9-8aa7-f674abfd4ffa,b52f148d-f545-40b6-8b6b-7528821bce50,Bashful Mineral Blue Bunny,MEDIUM,12.0,5.0,28.0,In Stock,2024-01-11 07:07:40
5a558c30-917a-4477-a935-9452527afbe4,b52f148d-f545-40b6-8b6b-7528821bce50,Bashful Mineral Blue Bunny,SMALL,7.0,4.0,18.0,Out of stock,2024-01-11 07:07:40
fc53a1e4-c72c-4c65-a87c-fbc507f0327d,c4d566af-2547-4117-afd1-6bf0e3331cee,Bashful Wolf,MEDIUM,12.0,5.0,28.0,In Stock,2024-01-11 07:07:42
aed0f5fc-8629-40f3-ae32-b40fa7484f0f,ef529e73-60ab-4408-b240-156e9f085961,Wrapabat Black,ONE SIZE,6.0,2.0,20.0,In Stock,2024-01-11 07:07:44
a0058e8c-a1b1-4935-8bd6-04af61577b15,54cceb70-b2ee-4506-95e7-f8352f4cee0a,Beatnik Buddy Poodle,ONE SIZE,11.0,3.0,28.0,In Stock,2024-01-11 07:07:45
81271672-76fb-456a-84d2-a0d71158b090,bda5b37d-7445-4a37-950f-8140795f7809,Beatnik Buddy Sausage Dog,ONE SIZE,11.0,3.0,28.0,In Stock,2024-01-11 07:07:47
f41a8eb8-5c4f-4c1d-b6d7-a07ec0bc0df6,f5efdfb1-a9bc-4be7-a22e-b08afcbba740,Daddy Loves Me Book,ONE SIZE,6.0,6.0,20.0,In Stock,2024-01-11 07:07:48
8a00e6bc-7781-4459-9c74-a51a382749cf,d3739825-fb51-4c84-8ae5-186c876faaee,Mummy Loves Me Book,ONE SIZE,6.0,6.0,20.0,In Stock,2024-01-11 07:07:50
ee621f38-d3f3-4fac-8dc6-32fa360f2ce0,61d88988-d91d-4e4b-bf19-aba9c02b5f1b,Backpack Wolf,ONE SIZE,9.0,4.0,30.0,In Stock,2024-01-11 07:07:52
310489de-17dc-4385-b379-3fdc3e0bf34c,15a41fb0-2999-4506-9eea-a89278ae8199,Big Spottie Unicorn,ONE SIZE,17.0,6.0,75.0,In Stock,2024-01-11 07:07:54
14224807-dec1-4c62-9ee9-33c974777785,f53e193a-6920-4282-b635-952ccfa4b7a6,Cozy Crew Seahorse,ONE SIZE,7.0,2.0,25.0,In Stock,2024-01-11 07:07:56
fe6d49a5-abbe-455f-9512-ed0e4c14edc0,44ebf2b3-4910-48a9-aadd-79dcb7594008,Davey Dilophosaurus,ONE SIZE,11.0,5.0,32.5,In Stock,2024-01-11 07:07:58
8eba7e42-413c-4eed-8e89-5f818d42d257,7edf8e98-8b99-4908-a0e4-10a68d8a9da9,Delano Dorado Fish,ONE SIZE,5.0,10.0,27.5,In Stock,2024-01-11 07:08:01
8d78b7a9-d637-4218-87f5-d680d383bdb2,ec5a469d-8066-434b-b07d-f3226695c70d,Evelyn Swan,ONE SIZE,19.0,6.0,40.0,In Stock,2024-01-11 07:08:02
7b3a95e7-c7c3-4fbe-b702-5d32bcb90690,ed99b845-7e09-49b7-b0bd-1b33b235e8b0,Fishiful Blue,ONE SIZE,5.0,6.0,17.5,In Stock,2024-01-11 07:08:04
c876908d-5edd-40ed-ab7b-206d9ec3116b,4e691195-a9a0-41c2-b8a5-d97cc75beb01,Fishiful Orange,ONE SIZE,5.0,6.0,17.5,In Stock,2024-01-11 07:08:05
ca7b7a7c-65d3-4a76-a06e-4ec045003b94,5355dacf-fa8d-4eb4-898d-84b5bd561446,Fishiful Pink,ONE SIZE,5.0,6.0,17.5,In Stock,2024-01-11 07:08:07
51a55f3d-515c-426e-96c8-ac1127b0ab6f,79aa163d-a59f-446d-bd8e-062cb537c3eb,Forest Fauna Bear,ONE SIZE,7.0,6.0,32.5,In Stock,2024-01-11 07:08:09
5d8baa6d-9e80-45ef-8813-7905080d6488,5a0c153d-a8c8-4d2a-8f47-3a65c386bc47,Forest Fauna Frog,ONE SIZE,8.0,4.0,32.5,In Stock,2024-01-11 07:08:10
1181e6db-07ba-4892-8003-25eae777addc,b217d4f4-5939-4543-9263-5be6c10a394d,Forest Fauna Owl,ONE SIZE,7.0,4.0,32.5,In Stock,2024-01-11 07:08:12
08d410c8-65f2-4ecf-b839-91a1c7b9f91f,ce54a462-1aa4-4ee1-aa6c-2f77b546dea7,Freddie Sausage Dog,LARGE,7.0,7.0,30.0,Out of stock,2024-01-11 07:08:14
1dcf264f-a446-4884-ac73-72809dd81664,ce54a462-1aa4-4ee1-aa6c-2f77b546dea7,Freddie Sausage Dog,SMALL,5.0,7.0,22.0,In Stock,2024-01-11 07:08:14
99eef0ef-c804-4912-9a94-ec69a9a2b14a,e09c360e-14b5-48ca-81df-154d60b9bf6b,Gilbert the Great Blue Whale,ONE SIZE,7.0,22.0,85.0,In Stock,2024-01-11 07:08:16
ac9b4038-63b6-480f-9f84-ec6d21d68dfc,63ba35ad-8608-4cdb-a7ee-3d1a9ac9f537,Glamorama Cat,ONE SIZE,16.0,4.0,40.0,In Stock,2024-01-11 07:08:17
e2314032-1253-4724-a545-1e45d2908444,de3e48f7-9308-469e-b062-ac7fd2920dc9,Glamorama Pig,ONE SIZE,11.0,6.0,40.0,In Stock,2024-01-11 07:08:19
25e7b564-7335-472b-b4e8-cc1d3bc5efb1,559ec89f-f5bd-42ce-b951-b6b13917d7ec,Grizzo Gremlin,ONE SIZE,11.0,4.0,35.0,In Stock,2024-01-11 07:08:20
f8d8afd6-212c-4337-84c6-9687e3f297a4,83e4e38a-b4b7-45f9-ba5e-807d17b3b3a9,Hamish Hedgehog,ONE SIZE,8.0,16.0,75.0,In Stock,2024-01-11 07:08:22
998a16a6-d6ea-48ba-8fbc-0b46d30f1329,763cee1c-27f6-417f-b302-fabe30a2e221,Humphrey the Humpback Whale,ONE SIZE,8.0,20.0,85.0,In Stock,2024-01-11 07:08:24
b0fdfab7-e4db-45af-a07a-c83d9897c80a,0857ff42-81f6-43b2-8ee2-15039dcf05d8,Bashful Golden Bunny with Personalised Cream Jumper,MEDIUM,12.0,5.0,38.0,In Stock,2024-01-11 07:08:26
d20c07b3-10d7-44da-b19f-1b827d00cfb8,89cc4ed2-5a03-4034-8c38-d545f2226117,Bashful Mineral Blue Bunny with Personalised Cream Jumper,MEDIUM,12.0,5.0,38.0,In Stock,2024-01-11 07:08:28
1eabdc93-e51a-40cc-806e-2f82a1a6d241,a1b6de82-8b60-434c-aefa-c819e09270f3,Bashful Golden Bunny with Personalised Navy Jumper,MEDIUM,12.0,5.0,38.0,In Stock,2024-01-11 07:08:30
30368d63-48bf-4370-adaa-0ba6eac75356,098549b0-5f3e-45a4-bf9e-d71dfcde999d,Bashful Mineral Blue Bunny with Personalised Navy Jumper,MEDIUM,12.0,5.0,38.0,In Stock,2024-01-11 07:08:32
3d99d6e7-3711-4610-befa-88b6239060d7,86f6daab-b779-42b6-a16d-fb73c8b16c17,Bashful Golden Bunny with Personalised Red Jumper,MEDIUM,12.0,5.0,38.0,In Stock,2024-01-11 07:08:34
987cf47f-2386-424f-948b-822c00980d75,cc252d94-23ae-49ff-844e-a3232b620892,Bashful Mineral Blue Bunny with Personalised Red Jumper,MEDIUM,12.0,5.0,38.0,In Stock,2024-01-11 07:08:35
ea2e246d-15d4-49d5-ba72-97751256142c,345408f1-2d1c-4179-b2ed-0d203a8a506a,Bashful Wolf with Personalised Red Jumper,MEDIUM,12.0,5.0,38.0,In Stock,2024-01-11 07:08:37
708b8a33-c7a4-4e49-a9e2-02f26d655b70,b02bfd2e-e1a2-4f0c-83ed-0807b47a4d44,Little Tiger,ONE SIZE,7.0,4.0,22.0,In Stock,2024-01-11 07:08:39
4e8a1ac9-5460-4a87-897d-ce32c70b316f,da48fd13-475e-4ad5-9c1e-4fbd82aa4025,Letty Jellyfish,ONE SIZE,23.0,6.0,39.5,In Stock,2024-01-11 07:08:40
f045c5fb-b93c-464c-a9b1-5927345f069a,5bdf24de-d3a4-4392-881a-4ca95251a6c9,Napping Nipper Dog,ONE SIZE,4.0,6.0,25.0,In Stock,2024-01-11 07:08:42
f7c8e22c-2f5c-4763-a59e-8b5e785dc465,20706d3e-bf2f-4b74-a9dc-6bc0d0f50f48,Nippit Beaver,ONE SIZE,5.0,3.0,15.0,In Stock,2024-01-11 07:08:44
a1924810-17db-46e3-9478-2d87f08a553a,48e136a1-4628-445e-8029-a2e0c4b93231,Nippit Owl,ONE SIZE,5.0,3.0,15.0,In Stock,2024-01-11 07:08:45
2293deb8-0de7-416d-967e-c636575ad0c7,8b85ec63-83c2-4f9a-91f9-ff95dc3c53a5,Oakley Owl,ONE SIZE,9.0,5.0,32.5,In Stock,2024-01-11 07:08:47
d08a05b2-c766-4db7-90a3-a14f82994d33,2c6e1645-27f6-4b49-b13a-20314b2cbec5,Oberon Owl,ONE SIZE,10.0,5.0,30.0,In Stock,2024-01-11 07:08:48
2eab4202-3f78-4611-b18b-8547c150f902,4f5d3505-8c55-4872-a21e-a361e557ad64,Pongo Orangutan,HUGE,23.0,7.0,65.0,In Stock,2024-01-11 07:08:50
7ec67722-7b94-4043-b5ea-22c9b327561e,cd2c68fe-50a0-4934-bdb3-8a02a3446792,Otto Sausage Dog,HUGE,11.0,13.0,75.0,Out of stock,2024-01-11 07:08:52
4d9f19b3-8299-4100-a7e0-bedbcacba37f,cd2c68fe-50a0-4934-bdb3-8a02a3446792,Otto Sausage Dog,LARGE,7.0,7.0,30.0,More on the way,2024-01-11 07:08:52
74648cad-93dc-4cd5-bffe-b829f7467344,cd2c68fe-50a0-4934-bdb3-8a02a3446792,Otto Sausage Dog,SMALL,5.0,7.0,22.0,In Stock,2024-01-11 07:08:52
9f0e00fe-b126-4693-b411-2a3cb988709d,fa421768-7338-45b6-9457-4e431ac6c2f5,Personalised Bashful Golden Bunny Medium,MEDIUM,12.0,5.0,34.0,In Stock,2024-01-11 07:08:54
d366f572-0aa2-4060-b71b-302c03b214dc,b0517a34-982e-4aa8-a9db-36f3506973da,Personalised Bashful Mineral Blue Bunny Medium,MEDIUM,12.0,5.0,34.0,In Stock,2024-01-11 07:08:56
1455a222-37f8-4811-ab48-aa5f4cfa62c4,fa04be0b-8836-4815-b00a-68af80e0c602,Pip Monster,SMALL,9.0,4.0,22.5,In Stock,2024-01-11 07:08:58
01e47204-0d1e-4d78-99ac-df26a1ba8f11,0f9eb73b-28fa-4220-b7fb-aed5b1afa037,Rock-a-Bye Mouse,ONE SIZE,7.0,4.0,30.0,In Stock,2024-01-11 07:08:59
5cd9cc74-260c-4ecb-a2c8-a6879094c56d,4a8beb19-cda4-4281-bd4e-f56be3b96bb7,Sweater Sausage Dog Pink,ONE SIZE,6.0,3.0,32.5,In Stock,2024-01-11 07:09:01
4ba03789-b929-434b-9532-2fcb4d89a21e,4ddf5c16-912f-47ce-8d54-890157806411,Sweater Sausage Dog Yellow,ONE SIZE,6.0,3.0,32.5,In Stock,2024-01-11 07:09:03
d2cf436d-42e0-41fe-8f5f-2d6043fc2e7a,23f8a7ff-6865-450a-ab2d-9ab028e02480,Seraphina Pegasus,ONE SIZE,9.0,20.0,68.5,In Stock,2024-01-11 07:09:05
1fd5d4ba-83e9-4960-83e6-99aff7570506,f153c12c-f926-4964-ad78-289aac215fe0,Sigmund Seal,ONE SIZE,7.0,13.0,50.0,In Stock,2024-01-11 07:09:07
9352b634-10b0-48f8-9109-afc4f9da742c,16736794-2c87-4877-a6a1-a1a4e88dc050,Snoozling Hedgehog,ONE SIZE,11.0,6.0,36.0,In Stock,2024-01-11 07:09:08
6c2d1901-6dfe-4527-93f9-bacb6a18f196,5915a886-b9f7-4056-85e1-49970c9b240e,Spindleshanks Crab,ONE SIZE,3.0,15.0,33.0,In Stock,2024-01-11 07:09:10
694a1878-491a-4759-94a1-02b18688b27c,61d3aa6a-f6ed-4970-aebd-95cb3cd7faee,Splootie Elephant,ONE SIZE,7.0,22.0,68.0,In Stock,2024-01-11 07:09:12
52da542d-98bd-415d-b970-82a76478d6bf,ea1f27f9-1f0b-4abe-8193-1ede6d6f7733,Birdling Robin,ONE SIZE,4.0,3.0,17.0,In Stock,2024-01-11 07:09:14
17135a09-2387-47a4-a6fa-d7febd43c27f,a53784ad-735c-43d8-86a0-972c85902c2e,Shimmer Stocking Bunny,ONE SIZE,8.0,4.0,28.5,In Stock,2024-01-11 07:09:15
f79918b7-8a3c-4c29-bda4-32d5fe98724c,6d883ffe-2561-4c29-b1f1-ee3b95b789d8,Ambalie Bear,ONE SIZE,9.0,6.0,30.0,In Stock,2024-01-11 07:09:17
c5638548-8773-4457-a1c7-0a86c1015fe0,91879d5d-1151-4e57-8a2d-f6f188366858,Ambalie Bunny,ONE SIZE,9.0,6.0,30.0,In Stock,2024-01-11 07:09:19
0a2a0535-065a-447b-8e97-a4df671f6193,b5f83f83-9b06-4606-a516-c9a637b488ab,Bashful Zebra,MEDIUM,12.0,5.0,28.0,In Stock,2024-01-11 07:09:20
ad6518e1-c156-4a8f-964d-26c883328858,6c78b2dd-a4fa-46b5-a881-23b5eaf212ca,If I Were An Owl Book,ONE SIZE,6.0,6.0,13.5,In Stock,2024-01-11 07:09:22
7d1fd85c-b862-490e-962c-3a72cedcbe58,9827db09-bdf7-41b1-9782-84c1b85f99f0,Betty Corgi,HUGE,13.0,13.0,75.0,More on the way,2024-01-11 07:09:24
c85ec98c-541b-4020-aa46-5ea62fb5f705,9827db09-bdf7-41b1-9782-84c1b85f99f0,Betty Corgi,MEDIUM,7.0,10.0,30.0,In Stock,2024-01-11 07:09:24
ec4ab2c7-6c49-428a-85b1-0ab579e01318,b9b376f6-5dbd-41b6-8d41-4b990ae41b7c,Big Spottie Giraffe,ONE SIZE,19.0,6.0,75.0,In Stock,2024-01-11 07:09:25
949d8865-d51f-4b6a-8c5f-2e01da99b3c9,1f5e1d73-2de0-4433-912e-34acfcdde237,Big Spottie T-Rex,ONE SIZE,18.0,6.0,75.0,In Stock,2024-01-11 07:09:27
0220382e-138d-4839-9590-df32dd9a5cec,505ea3d3-6edb-4977-9683-c6d96807d383,Cruz Crested Newt,ONE SIZE,12.0,4.0,32.5,In Stock,2024-01-11 07:09:29
44a2def7-b6f1-4907-8390-494361de0a57,59263674-cf82-485c-82c8-70238b93dc6b,Cooper Doodle Dog,ONE SIZE,9.0,8.0,33.0,In Stock,2024-01-11 07:09:30
b35c4448-ddeb-4eae-b5a3-63db1b2d558d,d78ad663-a572-42eb-8df8-a703729a683c,Happihoop Owl,ONE SIZE,8.0,4.0,32.0,In Stock,2024-01-11 07:09:32
525c1da4-647f-40b5-9993-32c21101a393,ef89b03b-b152-4f33-b723-a20c7e86e7d6,Harper Pup,ONE SIZE,15.0,9.0,55.0,In Stock,2024-01-11 07:09:34
faa57e63-59cc-48b3-b9fb-0091ea3e2074,d6c07e31-bba1-426c-b5b0-70e585f7e353,Hibernating Bunny,ONE SIZE,5.0,5.0,22.0,In Stock,2024-01-11 07:09:35
5e43dc13-a9f4-4391-9c0f-a80157113569,31fda1eb-9947-4ffc-88a9-2c608258ed0b,Huddles Bunny,ONE SIZE,9.0,6.0,45.0,In Stock,2024-01-11 07:09:36
cf6427f2-6250-402e-ab7b-e98abb6fe1dc,b3366ca9-2cf4-4fa4-9374-483ae8f8efd0,Huddles Duck,ONE SIZE,9.0,6.0,45.0,In Stock,2024-01-11 07:09:38
0d1f35c4-4a68-41d4-9aa6-905676282182,b3b0dea8-21e9-40e7-9f83-d3a589c7cfc7,Jubjub Gookie,ONE SIZE,9.0,4.0,30.0,In Stock,2024-01-11 07:09:40
9e70c57d-0dfc-45f2-855d-26055704fdb0,d41df8fd-571c-44ec-be62-fae5bb04c6d2,Mack Mudskipper,ONE SIZE,10.0,4.0,28.5,In Stock,2024-01-11 07:09:41
e660a533-63b2-4a63-8932-6904ff4331a1,6881f69b-52d6-45a4-ab78-d75ac9e291e6,Obbie Octopus,ONE SIZE,11.0,10.0,40.0,In Stock,2024-01-11 07:09:43
b953e9a7-09c1-4d16-87e9-80ea6f6aa790,de265b1f-4773-4f1e-b412-a3151f4ea348,Orson Horse,ONE SIZE,14.0,5.0,35.0,In Stock,2024-01-11 07:09:44
59c6cfc7-d6f9-4914-b71e-a8d3046c0c5f,746ec3a3-b5db-40c7-866a-8231dece2775,Peek-a-Boo Elly Activity Toy,ONE SIZE,6.0,5.0,32.0,In Stock,2024-01-11 07:09:46
b078db3d-72bf-4b27-a2e7-85f8dcee2c91,5a34fcbf-6216-4fa1-8c1c-04d1cf60230f,Penny Praying Mantis,ONE SIZE,9.0,8.0,32.5,In Stock,2024-01-11 07:09:47
5d9479a9-92ed-4616-ab77-b286f5fb294d,5a9cbafd-9627-4cdc-9205-13417f1057e5,Ribble Dog,ONE SIZE,14.0,4.0,30.0,In Stock,2024-01-11 07:09:49
8fc26c4f-7acd-4d43-b21e-cd08d09f2bcf,5133bb14-e6c3-4501-8ce7-d267eca569bb,Ribble Elephant,ONE SIZE,15.0,4.0,30.0,In Stock,2024-01-11 07:09:50
f239192d-6273-4dd1-bb62-2a8a6fe0a4ee,81da7a49-0e7c-4c1a-88fa-a2e1754b99ac,Ribble Giraffe,ONE SIZE,16.0,4.0,30.0,In Stock,2024-01-11 07:09:52
b78cef2f-f223-4565-90c6-36265b43ec01,2efe85ea-2fee-40cd-b36d-7e080088d5c7,Rose Dragon,HUGE,7.0,26.0,120.0,In Stock,2024-01-11 07:09:54
b0d540f6-0565-4896-ba1e-4826b38886fe,2efe85ea-2fee-40cd-b36d-7e080088d5c7,Rose Dragon,MEDIUM,5.0,20.0,65.0,In Stock,2024-01-11 07:09:54
c3337eb7-e001-4e69-9566-6ab15be8b3c9,2efe85ea-2fee-40cd-b36d-7e080088d5c7,Rose Dragon,LITTLE,3.0,12.0,32.5,In Stock,2024-01-11 07:09:54
eb8a59e6-0d35-4f1f-982f-a13a5dbf1971,00268b77-63ea-4a7e-9bc3-49fde3e5be8f,Ricky Rain Frog,LARGE,10.0,12.0,60.0,In Stock,2024-01-11 07:09:56
7edb62f4-acc3-4dc4-b97e-8e4ee9cd4407,00268b77-63ea-4a7e-9bc3-49fde3e5be8f,Ricky Rain Frog,MEDIUM,5.0,7.0,28.0,More on the way,2024-01-11 07:09:56
2ed513cd-dccb-4ee8-9b4d-540800f94451,72c6762e-7014-4564-9b27-0621c6233af9,Rufus Bear,LARGE,15.0,5.0,45.0,In Stock,2024-01-11 07:09:57
82d5e83e-a39d-4f16-ab92-fcfec89c15f9,72c6762e-7014-4564-9b27-0621c6233af9,Rufus Bear,MEDIUM,11.0,4.0,27.5,In Stock,2024-01-11 07:09:57
ab3039c7-17f0-4e1d-8ff1-73b637a16f0a,da24dcf3-b9cc-441d-b061-b15e271feb73,Snuggler Puppy,ONE SIZE,9.0,5.0,25.0,In Stock,2024-01-11 07:09:59
992b493f-e213-49f3-a21a-764319e2526d,6fe1d34d-b4ee-4e74-bc2e-5c72f4a4a639,Taylor Tiger,LARGE,6.0,18.0,80.0,More on the way,2024-01-11 07:10:01
cbe451ef-1bd5-4207-95d5-931024d47630,6fe1d34d-b4ee-4e74-bc2e-5c72f4a4a639,Taylor Tiger,LITTLE,3.0,11.0,35.0,In Stock,2024-01-11 07:10:01
b402d707-9f3f-47da-9c4b-363548402c5d,e295962c-9ede-4807-bfed-c6583708d2c0,Willow Hedgehog,ONE SIZE,7.0,4.0,23.5,In Stock,2024-01-11 07:10:02
09ecd348-b683-4f71-a42e-583554021ac1,da2fa1ec-4147-4cb5-9b5d-b6f7aeba087c,Wriggidig Ant,ONE SIZE,5.0,6.0,23.5,In Stock,2024-01-11 07:10:04
092f1360-814a-4fbc-83e6-3da6a864e63f,74670b5e-35a1-44c5-9803-7342c657b7ec,Wriggidig Bug,ONE SIZE,7.0,2.0,23.5,In Stock,2024-01-11 07:10:06
1d2f67d7-7fd5-43ff-82b9-bd8b1ee6ac9b,a7085008-a5d6-41b2-a7a4-4726b8ff4f91,Bashful Lilac Bunny,MEDIUM,12.0,5.0,28.0,In Stock,2024-01-11 07:10:08
0feca62f-f742-439f-8131-fa7d3b962327,a7085008-a5d6-41b2-a7a4-4726b8ff4f91,Bashful Lilac Bunny,SMALL,7.0,4.0,18.0,Out of stock,2024-01-11 07:10:08
205ade32-60aa-45bf-b657-eefcd087e61a,b0ed8815-fc7f-4123-9b2c-acc6bc6a602a,Bashful Petal Bunny,MEDIUM,12.0,5.0,28.0,In Stock,2024-01-11 07:10:11
c3364f29-d3c3-4e54-946c-b8081d4770ed,b0ed8815-fc7f-4123-9b2c-acc6bc6a602a,Bashful Petal Bunny,SMALL,7.0,4.0,18.0,In Stock,2024-01-11 07:10:11
99611705-fee7-43af-aa4d-4bbf05ca85cf,4bb4af9f-2556-4d6f-8211-efb0cdabc1dc,Bashful Fudge Bunny,MEDIUM,12.0,5.0,28.0,More on the way,2024-01-11 07:10:14
fba7dbf7-f837-4eb2-a0a0-530a88ec36e0,4bb4af9f-2556-4d6f-8211-efb0cdabc1dc,Bashful Fudge Bunny,SMALL,7.0,4.0,18.0,In Stock,2024-01-11 07:10:14
a54a64bb-54d5-41af-b765-a0b6c87bf874,e956ea5b-a674-43b1-aabe-6e076f76eff9,Who Can I Find Book,ONE SIZE,7.0,7.0,15.0,In Stock,2024-01-11 07:10:16
3bbf7c70-3505-4900-a462-f15cc0bb7e80,35806edf-3fab-43a8-a1bb-9934e0640938,Blossom Sage Bunny,MEDIUM,12.0,5.0,28.0,In Stock,2024-01-11 07:10:17
cb7cc472-2196-448b-ae76-3312b7f77dd0,35806edf-3fab-43a8-a1bb-9934e0640938,Blossom Sage Bunny,SMALL,7.0,4.0,18.0,More on the way,2024-01-11 07:10:17
d2f7da1f-de8d-49ca-bb18-bb5edefac6e3,0608f6d6-776c-4021-976f-7e855649ab92,Blossom Jasmine Bunny,MEDIUM,12.0,5.0,28.0,In Stock,2024-01-11 07:10:19
3f6f44a2-93ea-4456-9493-c5dcf92123f4,0608f6d6-776c-4021-976f-7e855649ab92,Blossom Jasmine Bunny,SMALL,7.0,4.0,18.0,Returning to stock 2-3 months,2024-01-11 07:10:19
cb11b390-e0b5-4ea3-a93f-1b4cb455e83c,675bd346-f9ca-4de3-b7c1-dcbf34a10557,Bashful Lilac Bunny with Personalised Cream Jumper,MEDIUM,12.0,5.0,38.0,In Stock,2024-01-11 07:10:22
6c851f13-8b91-4891-95df-20d893bafc3f,c9310e7a-7682-4543-9a88-9a60c4981904,Bashful Petal Bunny with Personalised Cream Jumper,MEDIUM,12.0,5.0,38.0,In Stock,2024-01-11 07:10:24
4e84a944-9c4f-4c14-b42d-8b4e5b21df2d,c0c3f61d-5a12-4388-8a88-f02c83638f3c,Blossom Sage Bunny with Personalised Cream Jumper,MEDIUM,12.0,5.0,38.0,In Stock,2024-01-11 07:10:26
f180d43b-642f-4b58-8469-b2da88ad1140,4a607537-2965-405c-9411-f1b88439654a,Blossom Jasmine Bunny with Personalised Cream Jumper,MEDIUM,12.0,5.0,38.0,In Stock,2024-01-11 07:10:27
b9a92e24-19dc-4e8b-bc52-38230e2af1b1,ff4f8505-b297-4caf-b57b-a43b10af1f9d,Bashful Lilac Bunny with Personalised Navy Jumper,MEDIUM,12.0,5.0,38.0,In Stock,2024-01-11 07:10:29
5d85c562-51f0-4e03-95d3-abf1ef9078dd,2ca29a3a-e586-4728-bc89-2188f89c8f6a,Bashful Petal Bunny with Personalised Navy Jumper,MEDIUM,12.0,5.0,38.0,In Stock,2024-01-11 07:10:31
504fdceb-cb8b-445c-9033-0e45fdfe9501,c901397a-1230-4212-abc8-9bca71bb39ae,Blossom Sage Bunny with Personalised Navy Jumper,MEDIUM,12.0,5.0,38.0,In Stock,2024-01-11 07:10:33
93ff928b-0af8-4ade-b473-5c2965b74a9d,28dc8374-5467-4b77-a130-23e7fa13cf6d,Blossom Jasmine Bunny with Personalised Navy Jumper,MEDIUM,12.0,5.0,38.0,In Stock,2024-01-11 07:10:35
5c4dc06e-92e6-45bf-9ab3-e4399a272622,77042670-3092-41d5-b2fb-0f1bc16aef48,Bashful Lilac Bunny with Personalised Red Jumper,MEDIUM,12.0,5.0,38.0,In Stock,2024-01-11 07:10:36
b7ae8699-72e0-47df-a258-bf5d441e94b6,385d3a84-5b51-4463-8abb-555ac38a816d,Bashful Petal Bunny with Personalised Red Jumper,MEDIUM,12.0,5.0,38.0,In Stock,2024-01-11 07:10:38
fbe57f11-2051-451e-b259-6233e1e30c63,d454d07f-279f-4f66-ae44-a997d518a111,Blossom Sage Bunny with Personalised Red Jumper,MEDIUM,12.0,5.0,38.0,In Stock,2024-01-11 07:10:40
2be92dbf-08b1-4912-9fbd-f60aa6e888b2,7f2fce5c-6145-4088-b09b-41751ac95cc0,Blossom Jasmine Bunny with Personalised Red Jumper,MEDIUM,12.0,5.0,38.0,In Stock,2024-01-11 07:10:42
86c2cae3-6f49-48a1-a9f6-194afd7dcebc,2cc683e4-8d90-4927-b1d8-adc37ca4f6f8,Personalised Bashful Lilac Bunny Medium,MEDIUM,12.0,5.0,34.0,In Stock,2024-01-11 07:10:44
37f9da1d-61c7-4bde-98d4-e02b4590af83,83131d29-2501-48c6-8e17-6d3d0f3c74a1,Personalised Bashful Petal Bunny Medium,MEDIUM,12.0,5.0,34.0,In Stock,2024-01-11 07:10:46
6a2a7157-c9f8-4390-95a0-eb663530e66b,874de53e-190b-49c7-b4f2-6db8739d9c18,Alice Axolotl,MEDIUM,11.0,5.0,32.5,More on the way,2024-01-11 07:10:48
5127ebec-377d-44ac-8ec6-fec8c3d3a3f0,874de53e-190b-49c7-b4f2-6db8739d9c18,Alice Axolotl,SMALL,7.0,2.0,22.0,In Stock,2024-01-11 07:10:48
56bc32b3-5329-46af-8fb9-f42855320f9e,a02d9506-4ed4-427e-93a1-72623ba272b4,Bashful Shimmer Bunny,MEDIUM,12.0,5.0,28.0,In Stock,2024-01-11 07:10:50
6d70863c-095f-4c8f-a68b-9b032c5a335b,a02d9506-4ed4-427e-93a1-72623ba272b4,Bashful Shimmer Bunny,SMALL,7.0,4.0,18.0,In Stock,2024-01-11 07:10:50
3377736c-fe64-4811-b208-8fbfec50bf97,dcad4678-f77c-4af1-8f14-808ed0f3e986,If I Were A Pony Book,ONE SIZE,6.0,6.0,13.5,In Stock,2024-01-11 07:10:51
480718d8-4f6f-49f6-bffb-f1fde733c5e4,5f3c72c8-d855-4721-8c29-b96505de17cd,Blossom Bea Beige Bunny Comforter,ONE SIZE,10.0,9.0,17.0,In Stock,2024-01-11 07:10:53
c0adef67-2b49-49fe-bfbc-db0f11bdaaab,4c371dda-3539-4100-b408-4c0e810f594b,Cozy Crew Octopus,ONE SIZE,8.0,4.0,25.0,In Stock,2024-01-11 07:10:55
fae99a8f-0fc7-4c13-817f-f67da09f355b,09280255-4e17-4f63-8cf2-a43fb04f1022,Fossilly Stegosaurus,MEDIUM,6.0,5.0,38.0,In Stock,2024-01-11 07:10:57
8548b79f-7929-475f-99d8-8a43d5d892cd,09280255-4e17-4f63-8cf2-a43fb04f1022,Fossilly Stegosaurus,SMALL,3.0,2.0,15.0,More on the way,2024-01-11 07:10:57
66aa0350-0dee-4b7e-89ec-1691acd1d639,73110805-f821-42bd-972c-7610d82b4f0c,Fuddlewuddle Lion Soother,ONE SIZE,13.0,13.0,25.0,In Stock,2024-01-11 07:10:58
25710ac4-d0c2-4510-9b5b-6056f23eef19,01e3e329-ec45-4786-80ab-bc04c3bb7fa6,Bashful Inky Bunny with Personalised Cream Jumper,MEDIUM,12.0,5.0,38.0,In Stock,2024-01-11 07:11:00
e0062d73-6298-4150-845a-77d23816292e,98a44bc4-753c-461b-ac0b-879c30fa7645,Bashful Shimmer Bunny with Personalised Cream Jumper,MEDIUM,12.0,5.0,38.0,In Stock,2024-01-11 07:11:02
321094a8-2d1c-4a02-8967-deb9b0ea2699,e07d33f5-9f24-4c2c-89af-b4d7d1601ef8,Bashful Inky Bunny with Personalised Navy Jumper,MEDIUM,12.0,5.0,38.0,In Stock,2024-01-11 07:11:04
b1b011c1-cde0-48bb-8752-0bd262fc27c5,ebf5b6e9-a204-4eb3-a5f2-cbbfa94ce084,Bashful Shimmer Bunny with Personalised Navy Jumper,MEDIUM,12.0,5.0,38.0,In Stock,2024-01-11 07:11:06
46c356db-f4a3-498d-b583-95ebddf50351,52f35954-24e2-43b8-a69f-4b662a1daeaa,Bashful Inky Bunny with Personalised Red Jumper,MEDIUM,12.0,5.0,38.0,In Stock,2024-01-11 07:11:07
849dc074-993d-456a-8e06-966de4731e16,615c3aca-497e-4d7f-a3e9-c7e99633a5b4,Bashful Shimmer Bunny with Personalised Red Jumper,MEDIUM,12.0,5.0,38.0,In Stock,2024-01-11 07:11:09
ef52eb83-51e3-418d-a232-ccd6a864c886,10a1e618-7d55-464d-b92a-902660cac7a9,Lingley Bunny Soother,ONE SIZE,11.0,7.0,20.0,In Stock,2024-01-11 07:11:11
68db3fe3-cd55-4367-b4bd-64716178de99,ae77e403-f61d-4d63-a72f-890bc689e676,Lingley Elephant Soother,ONE SIZE,11.0,7.0,20.0,In Stock,2024-01-11 07:11:13
17896e0d-79fa-4a2a-a65c-20d74c710834,e4558d86-0907-4d9f-803c-863de67dd085,Tartan Lottie Bunny,ONE SIZE,11.0,4.0,27.5,In Stock,2024-01-11 07:11:15
182293e4-20d5-498a-89d4-3f1c10d4bbe4,1a7faa06-3a59-4247-8194-e42ecc71aa5b,Onyx Dragon,HUGE,7.0,26.0,120.0,Out of stock,2024-01-11 07:11:17
6a12d669-b870-47a1-b616-bc3441a8c014,1a7faa06-3a59-4247-8194-e42ecc71aa5b,Onyx Dragon,MEDIUM,5.0,20.0,65.0,In Stock,2024-01-11 07:11:17
5a79eb01-4c63-4e0e-aa85-ed18bf73ff65,1a7faa06-3a59-4247-8194-e42ecc71aa5b,Onyx Dragon,LITTLE,3.0,12.0,32.5,More on the way,2024-01-11 07:11:17
bec0bd0a-9be2-4f52-910f-567d4276a5c6,28831abd-fe35-4f42-90f5-a68c1fed9b3d,Personalised Bashful Shimmer Bunny Medium,MEDIUM,12.0,5.0,34.0,In Stock,2024-01-11 07:11:19
b5a2f388-bcec-4e74-a960-cfdfb2d22b52,1e906cca-bddf-4232-b251-6e3d89085504,Personalised Fuddlewuddle Lion Soother,ONE SIZE,13.0,13.0,31.0,In Stock,2024-01-11 07:11:21
58a50d89-226f-4f62-a62b-df59bd696945,92a1ab8a-990a-4e7b-a8c8-d5be4280c027,Personalised Snow Dragon Huge,HUGE,7.0,26.0,126.0,In Stock,2024-01-11 07:11:22
a21907dd-74df-4d66-864c-a17fb1d26037,137899e5-94d9-4174-a4dd-2455f6531471,Rumpletum Lion,ONE SIZE,11.0,8.0,40.0,In Stock,2024-01-11 07:11:24
6a54c65c-0511-41cd-ba82-2c377e031edf,389f0237-08dd-41d5-a29c-7479175a70a2,Snuggler Cat,ONE SIZE,9.0,5.0,25.0,In Stock,2024-01-11 07:11:26
dc243404-9a5e-40ab-85d7-4a0366de55d4,2d75f83a-eed3-4585-a900-5df772663d15,Smudge Bear,MEDIUM,9.0,6.0,35.0,In Stock,2024-01-11 07:11:27
6bd949e0-0c35-4ee0-af71-c3d671b06547,f7de90fb-d7b4-4c74-866b-487b3105bcb8,Cordy Roy Baby Bunny Soother,ONE SIZE,11.0,9.0,23.0,In Stock,2024-01-11 07:11:29
e46b3a3d-eeda-4430-846f-2c5a48d211d9,c35629bd-6358-4eaf-b613-56ecda50a9dc,Cordy Roy Baby Lion Soother,ONE SIZE,11.0,9.0,23.0,In Stock,2024-01-11 07:11:31
1286f440-eb6d-48c6-a8e2-9ef355cb1b99,b0097964-d4ac-405d-8684-da846143ff7e,Bashful Tiger,HUGE,20.0,8.0,80.0,In Stock,2024-01-11 07:11:33
17b7752f-16f1-4668-b5ac-c647466963d8,b0097964-d4ac-405d-8684-da846143ff7e,Bashful Tiger,MEDIUM,12.0,5.0,28.0,More on the way,2024-01-11 07:11:33
eff40fba-566c-4d8a-b9c2-03810487cbf5,b0097964-d4ac-405d-8684-da846143ff7e,Bashful Tiger,SMALL,7.0,4.0,18.0,In Stock,2024-01-11 07:11:33
a91f99cf-b207-4430-80ff-f67ffaef1d7f,7fc607bc-fc17-4958-b315-fbca52fd44d2,Bashful Cerise Bunny,MEDIUM,12.0,5.0,28.0,Out of stock,2024-01-11 07:11:36
18a59890-fcdf-4da7-a253-f1526bc90750,7fc607bc-fc17-4958-b315-fbca52fd44d2,Bashful Cerise Bunny,SMALL,7.0,4.0,18.0,In Stock,2024-01-11 07:11:36
693fe0b7-5ff9-45d7-b4a1-24eca9ed9a92,bf68e3ca-326c-435f-9c4f-c3bcf42a4bed,Beatrice Butterfly,LARGE,8.0,13.0,33.0,In Stock,2024-01-11 07:11:37
46a9a319-adc8-4e03-b2b5-6b47441f65de,3017c595-e268-40d4-95ae-f546012de445,Little Me Book,ONE SIZE,8.0,8.0,15.0,In Stock,2024-01-11 07:11:39
acae1331-3b43-4703-8771-d714a9a335bf,32891443-a5c4-4751-b3ba-7299d7d386fc,Blossom Dusky Blue Bunny,MEDIUM,12.0,5.0,28.0,In Stock,2024-01-11 07:11:41
1412da73-c9bc-4f5d-b029-7c7f4d211313,32891443-a5c4-4751-b3ba-7299d7d386fc,Blossom Dusky Blue Bunny,SMALL,7.0,4.0,18.0,Out of stock,2024-01-11 07:11:41
6c6fef43-b546-4b4c-a7b2-8d2bc201a551,3ce81cfc-72b7-4f92-89ed-43a03a008906,Fossilly T-Rex,MEDIUM,11.0,6.0,38.0,In Stock,2024-01-11 07:11:42
d51021d9-84d6-41be-b8f2-9e212ce81e42,3ce81cfc-72b7-4f92-89ed-43a03a008906,Fossilly T-Rex,SMALL,5.0,3.0,15.0,More on the way,2024-01-11 07:11:42
3abab96d-dc62-43c3-9779-2d222bed48ce,45819c6a-db7e-4bc1-a6db-dbab9c1c0124,Bashful Dusky Blue Bunny with Personalised Cream Jumper,MEDIUM,12.0,5.0,38.0,In Stock,2024-01-11 07:11:44
52cd86cc-f6e1-47ea-8eea-3456afe00810,6ef5d923-940d-4624-a3d2-1dc7820b1b40,Bashful Lion with Personalised Cream Jumper,MEDIUM,12.0,5.0,38.0,In Stock,2024-01-11 07:11:46
d1a77180-dca3-455c-b8e8-c81e6cdcd87d,be2c1eb1-d7d5-4657-95fc-68668d97549a,Bashful Tiger with Personalised Cream Jumper,MEDIUM,12.0,5.0,38.0,In Stock,2024-01-11 07:11:48
d4913fca-7ac2-41ed-83a4-9bcbabf7bc65,af523207-ec97-4f01-814a-2837dac6d67b,Blossom Dusky Blue with Personalised Cream Jumper,MEDIUM,12.0,5.0,38.0,In Stock,2024-01-11 07:11:51
34315d6c-9b27-4259-9b95-c581e3311aac,ce356f9f-cd22-4302-95e7-419a29ce7363,Bashful Dusky Blue Bunny with Personalised Navy Jumper,MEDIUM,12.0,5.0,38.0,In Stock,2024-01-11 07:11:52
912ca05e-f0ee-43a9-853c-96936838f2ef,57bb5889-6517-4832-8761-ffcd1afe89cb,Bashful Lion with Personalised Navy Jumper,MEDIUM,12.0,5.0,38.0,In Stock,2024-01-11 07:11:54
3d0c70d6-44b5-4c8c-99aa-6ca2565fac5f,28ab5647-ec08-43c2-aadf-3db48948375f,Bashful Tiger with Personalised Navy Jumper,MEDIUM,12.0,5.0,38.0,In Stock,2024-01-11 07:11:56
c90038ac-fe31-4866-ad74-c75599ab48c6,c06e39ce-4496-4cb0-96ea-75d80a420bbd,Blossom Dusky Blue with Personalised Navy Jumper,MEDIUM,12.0,5.0,38.0,In Stock,2024-01-11 07:11:58
f92674fc-f2c1-4b8f-8239-99060bfb467b,e4baa86c-0871-48f7-861e-1041688ebef0,Bashful Dusky Blue Bunny with Personalised Red Jumper,MEDIUM,12.0,5.0,38.0,In Stock,2024-01-11 07:11:59
95e3995f-0c20-4daa-be19-c568fa3d745d,5f1598ef-c5dd-43bb-923c-92a4da6d5da3,Bashful Lion with Personalised Red Jumper,MEDIUM,12.0,5.0,38.0,In Stock,2024-01-11 07:12:01
78dea17c-bad4-4d73-b092-cba8c48015eb,080f980d-143d-43be-8050-19c764db804e,Bashful Tiger with Personalised Red Jumper,MEDIUM,12.0,5.0,38.0,In Stock,2024-01-11 07:12:03
dd691eb7-02e6-44a1-a705-457d90d88e71,cb8edc5d-5354-49e7-af50-0bbb844014b7,Blossom Dusky Blue Bunny with Personalised Red Jumper,MEDIUM,12.0,5.0,38.0,In Stock,2024-01-11 07:12:05
1c162ee0-532f-4848-b754-fbf6425828bb,c84192c6-5132-41a1-9754-8174ec054fda,Odyssey Octopus,REALLY BIG,30.0,12.0,130.0,More on the way,2024-01-11 07:12:07
b8f8f4c2-5ee7-4a14-a811-4a25822b47ca,c84192c6-5132-41a1-9754-8174ec054fda,Odyssey Octopus,HUGE,21.0,9.0,68.5,Out of stock,2024-01-11 07:12:07
3eb049bd-33f9-41a6-92de-b8b91a27809c,c84192c6-5132-41a1-9754-8174ec054fda,Odyssey Octopus,LARGE,19.0,7.0,53.0,More on the way,2024-01-11 07:12:07
ab9f8487-bae2-4595-a784-1751d03f8eea,c84192c6-5132-41a1-9754-8174ec054fda,Odyssey Octopus,LITTLE,9.0,4.0,30.0,In Stock,2024-01-11 07:12:07
fdec34c8-6664-4725-b047-39faec2dc4e9,c84192c6-5132-41a1-9754-8174ec054fda,Odyssey Octopus,TINY,6.0,3.0,18.0,In Stock,2024-01-11 07:12:07
c7563356-07c6-407a-9ea5-d78a9df15385,132f4b7c-61b3-4d66-ae75-59f5fa00c8cf,Sage Dragon,HUGE,7.0,26.0,120.0,More on the way,2024-01-11 07:12:09
cf885a26-9c4a-4a1f-8420-8ef70f2e7208,132f4b7c-61b3-4d66-ae75-59f5fa00c8cf,Sage Dragon,MEDIUM,5.0,20.0,65.0,Returning to stock 2-3 months,2024-01-11 07:12:09
c8273a82-e398-4e1a-88db-92a646f70415,132f4b7c-61b3-4d66-ae75-59f5fa00c8cf,Sage Dragon,LITTLE,3.0,12.0,32.5,In Stock,2024-01-11 07:12:09
4cc91b83-d98e-4afc-85f6-19802892d999,7a8dd2f7-3488-4ec2-bf74-940593926e8f,Sienna Seahorse,MEDIUM,11.0,4.0,30.0,More on the way,2024-01-11 07:12:11
31c524e7-770a-4cb8-9978-8c705571a9ce,7a8dd2f7-3488-4ec2-bf74-940593926e8f,Sienna Seahorse,SMALL,7.0,2.0,20.0,In Stock,2024-01-11 07:12:11
f5d26326-8961-4fc3-b08f-bc129b2444dc,2809d240-7185-4df3-9f80-641537730c53,Bashful Plum Bunny,HUGE,20.0,8.0,80.0,Out of stock,2024-01-11 07:12:13
184f5c4b-1b1c-43aa-8780-e8f060e647b8,2809d240-7185-4df3-9f80-641537730c53,Bashful Plum Bunny,MEDIUM,12.0,5.0,25.0,Out of stock,2024-01-11 07:12:13
a8f9b29b-20ab-4934-af2c-b215f6105d90,2809d240-7185-4df3-9f80-641537730c53,Bashful Plum Bunny,SMALL,7.0,4.0,18.0,In Stock,2024-01-11 07:12:13
d1372eb0-7919-464b-b82a-986bd27e86cb,7d82978f-3f63-4774-8eab-d82f36403a9b,Fossilly Brontosaurus,MEDIUM,10.0,5.0,38.0,In Stock,2024-01-11 07:12:15
f07b492e-3dc4-465f-ad2d-983ae5a29a0a,7d82978f-3f63-4774-8eab-d82f36403a9b,Fossilly Brontosaurus,SMALL,3.0,2.0,15.0,More on the way,2024-01-11 07:12:15
8ae98d9a-1ead-4da2-b88d-0d7fa7633c09,f3051365-243e-485a-9554-200b054a2fe1,Fossilly Triceratops,MEDIUM,7.0,4.0,38.0,In Stock,2024-01-11 07:12:17
0a7c7015-e015-459c-bc5c-01744d56f623,f3051365-243e-485a-9554-200b054a2fe1,Fossilly Triceratops,SMALL,4.0,2.0,15.0,Out of stock,2024-01-11 07:12:17
692816ee-4967-4ea1-8617-7235a9afadc6,a6767921-ccb5-4f6d-aefc-73a01f51ea2a,Snow Dragon,HUGE,7.0,26.0,120.0,In Stock,2024-01-11 07:12:19
0f516894-a096-4d0e-a397-f49a0b33ec8d,a6767921-ccb5-4f6d-aefc-73a01f51ea2a,Snow Dragon,MEDIUM,5.0,20.0,65.0,In Stock,2024-01-11 07:12:19
828fd507-e3b8-4c44-aca3-acb379338f62,a6767921-ccb5-4f6d-aefc-73a01f51ea2a,Snow Dragon,LITTLE,3.0,12.0,32.5,In Stock,2024-01-11 07:12:19
b6349113-e933-4c17-bf01-4d01f286ae4b,538f1924-08c0-4231-a7c7-145e3d4a8433,Blossom Blush Bunny,LARGE,14.0,6.0,43.0,Out of stock,2024-01-11 07:12:21
83be0e39-0de6-4861-bb50-cce9a63d7929,538f1924-08c0-4231-a7c7-145e3d4a8433,Blossom Blush Bunny,MEDIUM,12.0,5.0,28.0,Out of stock,2024-01-11 07:12:21
6e8f790e-0372-44a0-804a-e81732dd465f,538f1924-08c0-4231-a7c7-145e3d4a8433,Blossom Blush Bunny,SMALL,7.0,4.0,18.0,In Stock,2024-01-11 07:12:21
f7ff2c0d-0486-4f69-8cd9-7b6d66b10dec,290f1301-6325-4d7d-9002-ce8cf49bb2b4,Blossom Blush Bunny with Personalised Cream Jumper,MEDIUM,12.0,5.0,38.0,In Stock,2024-01-11 07:12:23
5272fff5-4098-4905-82c4-ee709fa0e342,bee0c7f3-7a8a-452e-8b7d-d03248aba812,Blossom Blush Bunny with Personalised Navy Jumper,MEDIUM,12.0,5.0,38.0,In Stock,2024-01-11 07:12:25
b4c98b6b-9e7c-4ae3-bc1e-a2aa68af7932,025c1738-1845-4482-af69-584d4ff52c39,Blossom Blush Bunny with Personalised Red Jumper,MEDIUM,12.0,5.0,38.0,In Stock,2024-01-11 07:12:27
bca9294f-0129-48ee-a10e-53cf991ebd51,f4f8d076-cb17-404a-a195-fcf4546b11a7,Little Bunny,ONE SIZE,7.0,4.0,22.0,In Stock,2024-01-11 07:12:28
dd4cb7fd-6134-4baa-bf82-b6e864760c23,feed5d6b-2ec7-4d23-baed-e61b05cc6a44,Personalised Odell Octopus Soother,ONE SIZE,13.0,13.0,31.0,In Stock,2024-01-11 07:12:30
9f08c86e-3d4b-4de7-ac32-b88586db651a,4d43b5de-f65c-4151-8423-8ef541c2064b,Wiley Whale,HUGE,8.0,31.0,90.0,In Stock,2024-01-11 07:12:32
8ebbec70-4bb3-4e0a-9aef-90aa6987df75,4d43b5de-f65c-4151-8423-8ef541c2064b,Wiley Whale,LARGE,7.0,20.0,53.0,In Stock,2024-01-11 07:12:32
39a8a81a-7285-401e-93af-4ff6880bed14,2ce83b24-eece-439c-86b8-0bc9cada0173,Bailey Sloth,MEDIUM,16.0,3.0,35.0,In Stock,2024-01-11 07:12:34
934aa5b5-8777-4614-a407-7eb8d992b291,2ce83b24-eece-439c-86b8-0bc9cada0173,Bailey Sloth,SMALL,13.0,2.0,28.0,Out of stock,2024-01-11 07:12:34
f0089855-bd78-48d3-b9c5-57f69e37c8f5,89774cad-61ab-4af4-b5e5-3ff9628e1e58,Storm Octopus,LARGE,19.0,7.0,53.0,In Stock,2024-01-11 07:12:36
f7db509b-56f8-4c9a-a78c-5711a970b754,89774cad-61ab-4af4-b5e5-3ff9628e1e58,Storm Octopus,LITTLE,9.0,4.0,30.0,Returning to stock next week,2024-01-11 07:12:36
afefa71d-b2bb-4822-bb75-1310baa20771,89774cad-61ab-4af4-b5e5-3ff9628e1e58,Storm Octopus,TINY,6.0,3.0,18.0,More on the way,2024-01-11 07:12:36
bcb8aae2-1665-4e00-a1ef-149d5c6d02dc,3ed7551e-0fbf-4dc5-9e28-d76e0a4eeae7,Bashful Dragon,VERY BIG,43.0,18.0,275.0,In Stock,2024-01-11 07:12:38
7b562858-18b6-43e2-a6e4-48f302cd2a73,3ed7551e-0fbf-4dc5-9e28-d76e0a4eeae7,Bashful Dragon,REALLY BIG,26.0,12.0,125.0,More on the way,2024-01-11 07:12:38
0c0605ee-392a-43de-9a26-667ca5df01c7,3ed7551e-0fbf-4dc5-9e28-d76e0a4eeae7,Bashful Dragon,HUGE,20.0,8.0,69.5,Out of stock,2024-01-11 07:12:38
dcb582e8-5541-420e-9d6c-fe6588433ec2,3ed7551e-0fbf-4dc5-9e28-d76e0a4eeae7,Bashful Dragon,MEDIUM,12.0,5.0,28.0,More on the way,2024-01-11 07:12:38
ccee0bdd-e303-42be-93e4-028d16fd705c,3ed7551e-0fbf-4dc5-9e28-d76e0a4eeae7,Bashful Dragon,SMALL,7.0,4.0,18.0,More on the way,2024-01-11 07:12:38
1b6b7666-1738-444c-b53a-70e5c3713b2d,0c356d67-356c-49a6-ba8a-feab6fb6c190,Bashful Dino,VERY BIG,43.0,18.0,275.0,In Stock,2024-01-11 07:12:41
83960d81-4cb4-4078-b215-9c8a286f672b,0c356d67-356c-49a6-ba8a-feab6fb6c190,Bashful Dino,REALLY BIG,26.0,12.0,125.0,In Stock,2024-01-11 07:12:41
47586ac1-c8cc-440c-8d5e-7e1abe3591cf,0c356d67-356c-49a6-ba8a-feab6fb6c190,Bashful Dino,HUGE,20.0,8.0,80.0,In Stock,2024-01-11 07:12:41
befaf79c-8136-48e0-8695-eb534f919fe8,0c356d67-356c-49a6-ba8a-feab6fb6c190,Bashful Dino,MEDIUM,12.0,5.0,28.0,In Stock,2024-01-11 07:12:41
18cc6062-7b5c-4de8-9eb1-4b1176d1bc55,0c356d67-356c-49a6-ba8a-feab6fb6c190,Bashful Dino,SMALL,7.0,4.0,18.0,More on the way,2024-01-11 07:12:41
12af5d24-3acc-475e-bb98-31e42352f734,8ff878a3-b3ba-4aad-9005-24358c64b7cf,Bashful Turtle,MEDIUM,12.0,5.0,28.0,Returning to stock 2-3 months,2024-01-11 07:12:43
749ae5b3-bcd7-4047-a003-0e66ae91cca0,8ff878a3-b3ba-4aad-9005-24358c64b7cf,Bashful Turtle,SMALL,7.0,4.0,18.0,In Stock,2024-01-11 07:12:43
9eed833e-d4d1-4abe-bbf7-84718ff46222,6aaa89d0-d6e2-4534-b3f9-beab0790719d,Elly Ballerina Book,ONE SIZE,12.0,,15.0,In Stock,2024-01-11 07:12:44
a8b623ee-2a40-430c-be59-663264590b70,086d4f35-0c51-4908-aedb-c4daab1ef2db,Crispin Crab,MEDIUM,6.0,8.0,33.0,In Stock,2024-01-11 07:12:46
da6d3ffa-5c42-47f2-97e2-3e1bc485d47b,086d4f35-0c51-4908-aedb-c4daab1ef2db,Crispin Crab,SMALL,4.0,5.0,24.0,Out of stock,2024-01-11 07:12:46
5dddd3a6-5699-4464-ac1a-b9b93ef01e73,b9000ab5-7a19-4ba0-9c64-7639e2d7b01b,Livi Leopard,LARGE,5.0,18.0,80.0,In Stock,2024-01-11 07:12:48
efc090cd-0e76-491d-ad1d-f7645f9fedc5,b9000ab5-7a19-4ba0-9c64-7639e2d7b01b,Livi Leopard,LITTLE,3.0,11.0,35.0,Out of stock,2024-01-11 07:12:48
06434b68-3471-4e62-838a-8d8b54a598c1,1a03f173-0387-4047-a406-74fda28b73ee,Bashful Navy Bunny,MEDIUM,12.0,5.0,28.0,In Stock,2024-01-11 07:12:50
92d8f498-90c6-4aca-b7ee-cf19ad269773,1a03f173-0387-4047-a406-74fda28b73ee,Bashful Navy Bunny,SMALL,7.0,4.0,18.0,In Stock,2024-01-11 07:12:50
4599690d-ae4e-467a-8bb0-38436f3d2706,e4230861-06e2-4fc7-b991-17bd6e15cfa2,Bashful Navy Bunny with Personalised Cream Jumper,MEDIUM,12.0,5.0,38.0,In Stock,2024-01-11 07:12:53
fd0caa19-2ebd-432e-9158-44f8803074bb,93f58285-ec0c-4890-b64a-366d94fe438a,Bashful Navy Bunny with Personalised Red Jumper,MEDIUM,12.0,5.0,38.0,In Stock,2024-01-11 07:12:55
8b58e829-cb95-44fe-ad37-e9f501fc8a78,8f8df85b-1bf9-4e53-a56b-5376fd3f80c5,Personalised Bashful Navy Bunny Medium,MEDIUM,12.0,5.0,34.0,In Stock,2024-01-11 07:12:57
98f94fa3-8ac6-41a8-abb6-9e01ae491a32,bf928ac1-43ff-46e7-915a-b44f14cba0f3,Bashful Blush Bunny,HUGE,20.0,8.0,80.0,Out of stock,2024-01-11 07:12:59
25f8e76a-093d-47d9-b415-6087b75e64e7,bf928ac1-43ff-46e7-915a-b44f14cba0f3,Bashful Blush Bunny,MEDIUM,12.0,5.0,28.0,In Stock,2024-01-11 07:12:59
0b481fbd-042b-490c-9b28-76a9e1e286a6,bf928ac1-43ff-46e7-915a-b44f14cba0f3,Bashful Blush Bunny,SMALL,7.0,4.0,18.0,In Stock,2024-01-11 07:12:59
725a4d32-cf9d-444b-a69e-2f85f3bca0b7,a3e6d77e-1d34-4b61-89a0-32d9850b4285,My Friend Bunny Book,ONE SIZE,9.0,9.0,15.0,In Stock,2024-01-11 07:13:01
23787096-e659-4ca8-8794-35525ff1d469,cd8d1174-34d8-42e8-a4d1-f85478361f98,Bashful Blue Bunny Blanket,ONE SIZE,40.0,30.0,45.0,In Stock,2024-01-11 07:13:03
bb2caccd-98c9-4ded-b5c2-082d961871ee,a3ce975b-c638-4053-8eb6-55f7ec328b32,Bashful Pink Bunny Blanket,ONE SIZE,40.0,30.0,45.0,In Stock,2024-01-11 07:13:05
ff6681bd-6b30-4ea5-83dd-c455d91d30d3,490540cc-b1aa-4d2e-84db-f69f0df08e14,Harry Panda Cub,HUGE,20.0,10.0,120.0,Out of stock,2024-01-11 07:13:07
0ee040f0-6a28-44e3-800e-655b774646e2,490540cc-b1aa-4d2e-84db-f69f0df08e14,Harry Panda Cub,LARGE,15.0,8.0,65.0,More on the way,2024-01-11 07:13:07
5787293c-b696-4938-943e-e232736645f3,490540cc-b1aa-4d2e-84db-f69f0df08e14,Harry Panda Cub,MEDIUM,11.0,6.0,35.0,In Stock,2024-01-11 07:13:07
597eab6b-1c55-490c-8536-c0f89e6bb2e5,490540cc-b1aa-4d2e-84db-f69f0df08e14,Harry Panda Cub,TINY,5.0,3.0,13.0,Out of stock,2024-01-11 07:13:07
75a08a17-dc60-41d4-abc7-fc5b1d7ff6bb,74cb040e-ffea-4f21-ac7e-00c0b35e8d97,Bashful Lamb with Personalied Red Jumper,MEDIUM,12.0,5.0,38.0,In Stock,2024-01-11 07:13:09
6a113d8c-bbc1-4166-aac9-5dfae84d06cc,898b5757-dc6f-4f03-89f6-0d7587684641,Larry Lobster,MEDIUM,11.0,4.0,33.0,In Stock,2024-01-11 07:13:11
12a4e02d-6e46-4379-b884-485918d26222,898b5757-dc6f-4f03-89f6-0d7587684641,Larry Lobster,SMALL,8.0,3.0,25.0,Returning to stock 2-3 months,2024-01-11 07:13:11
efc05a36-9b11-4604-bcfe-e65692939d1e,a95f86d2-2572-41c4-8683-708dc6c48099,My Friend Bunny Book and Bashful Beige Bunny,MEDIUM,,,43.0,In Stock,2024-01-11 07:13:12
162a84cc-98e0-44a8-950f-32c85fd503df,3e7f1aa4-91a0-4066-a63f-2c70c2d24fb4,Bashful Truffle Bunny,MEDIUM,12.0,5.0,28.0,In Stock,2024-01-11 07:13:14
bc53a93a-b02f-42e7-aa4b-16ff48d35e41,3e7f1aa4-91a0-4066-a63f-2c70c2d24fb4,Bashful Truffle Bunny,SMALL,7.0,4.0,18.0,Out of stock,2024-01-11 07:13:14
980e1e7e-6163-47f6-8a06-029d591d4a42,5efc8fe6-5139-4b33-9f2d-ec7646583692,Colin Chameleon,ONE SIZE,11.0,4.0,29.0,In Stock,2024-01-11 07:13:17
f4da41d8-da3e-47b2-9490-e717504e8a4b,c2dc2064-e629-4653-b6c4-c6faf4e488ec,Bashful Truffle Bunny with Personalised Cream Jumper,MEDIUM,12.0,5.0,38.0,In Stock,2024-01-11 07:13:20
b66e4f43-54b7-4494-a219-493f653250ef,5dbb9ff8-bb54-45aa-a8b5-6df0aca3d144,Bashful Truffle Bunny with Personalised Navy Jumper,MEDIUM,12.0,5.0,38.0,In Stock,2024-01-11 07:13:22
57f87ce6-62a7-4979-a72c-1688567ac32b,fefb553c-c7f5-4068-8436-85a65f52a585,Bashful Truffle Bunny with Personalised Red Jumper,MEDIUM,12.0,5.0,38.0,In Stock,2024-01-11 07:13:24
8314f1a3-5b82-4d80-8f0c-7f28017cdfbf,6e98fbf7-459d-412d-903b-985c1fd6121b,Bashful Fox Cub,HUGE,20.0,8.0,80.0,In Stock,2024-01-11 07:13:26
9b8603a4-5f03-4292-a1a7-a7097dcc09fd,6e98fbf7-459d-412d-903b-985c1fd6121b,Bashful Fox Cub,MEDIUM,12.0,5.0,28.0,More on the way,2024-01-11 07:13:26
f9e7cb04-f9aa-43bc-8e11-f0ad42d5a13b,6e98fbf7-459d-412d-903b-985c1fd6121b,Bashful Fox Cub,SMALL,7.0,4.0,16.5,Out of stock,2024-01-11 07:13:26
d998cba6-5db3-4843-86e4-ec2bc52defe5,6829e256-2aef-46fb-aa80-04c29d42c927,Bashful Toffee Puppy,VERY BIG,43.0,18.0,275.0,In Stock,2024-01-11 07:13:28
e80bea0e-2244-4cab-8f9e-adc708d3455c,6829e256-2aef-46fb-aa80-04c29d42c927,Bashful Toffee Puppy,REALLY BIG,26.0,12.0,125.0,In Stock,2024-01-11 07:13:28
5ac5b7f1-386d-43de-b582-98233d7cd0a6,6829e256-2aef-46fb-aa80-04c29d42c927,Bashful Toffee Puppy,MEDIUM,12.0,5.0,28.0,Returning to stock 2-3 months,2024-01-11 07:13:28
162ec2b0-b684-4933-bf98-aededb5a24ab,6829e256-2aef-46fb-aa80-04c29d42c927,Bashful Toffee Puppy,SMALL,7.0,4.0,18.0,Returning to stock 2-3 months,2024-01-11 07:13:28
05be7696-1c5d-4327-9884-939fd1a8805f,14669de4-bba9-4e3b-819d-7f401e0c22b7,If I Were A Bunny Book,ONE SIZE,6.0,6.0,13.5,In Stock,2024-01-11 07:13:30
3e2e03b5-b6d8-46c4-95be-fae68d3d7f3f,f05a1528-6be7-4804-a23b-047682ed45b6,The Very Brave Lion Book,ONE SIZE,9.0,9.0,15.0,In Stock,2024-01-11 07:13:31
19b34a37-c435-4b2a-a14f-c8765f021361,12b713ee-c49c-49fa-9521-e2dd2def976c,Bashful Fox Cub with Personalised Cream Jumper,MEDIUM,12.0,5.0,38.0,In Stock,2024-01-11 07:13:33
49fbd6bd-380c-4868-aaa0-af2b22c1f2d6,6122599a-5f4b-4a32-a523-fb8adb006f27,Bashful Fox Cub with Personalised Navy Jumper,MEDIUM,12.0,5.0,38.0,In Stock,2024-01-11 07:13:36
72c117bb-f98d-4329-86e0-fbe32b0d8657,573e1428-e84a-44f1-91df-a548409d38c9,If I Were A Bunny Book and Bashful Bunny,SMALL,,,31.5,In Stock,2024-01-11 07:13:37
c5d625b5-6f50-4c58-80a3-7a0f498aa123,cf8e3c4c-98a3-4576-b1d8-d362f6b90de4,The Very Brave Lion Book and Fuddlewuddle Lion,MEDIUM,,,45.0,In Stock,2024-01-11 07:13:39
550f5767-15b3-4876-88ae-d8e3e5d74a5f,7ee16831-d68b-423a-ba33-434ac3fdcec7,Bashful Twinkle Bunny,MEDIUM,12.0,5.0,28.0,More on the way,2024-01-11 07:13:41
567fddc2-c08d-40d5-8abd-ed3c345ab561,7ee16831-d68b-423a-ba33-434ac3fdcec7,Bashful Twinkle Bunny,SMALL,7.0,4.0,18.0,In Stock,2024-01-11 07:13:41
1bafe2b9-7638-4dc7-96ed-71a2b904fcbe,142affb7-8885-4e8e-bc18-d987aef69c6e,Blossom Tulip Bunny,HUGE,20.0,8.0,80.0,Out of stock,2024-01-11 07:13:43
197fb40e-0852-45a0-ae42-8ca67200d3c9,142affb7-8885-4e8e-bc18-d987aef69c6e,Blossom Tulip Bunny,LARGE,14.0,6.0,43.0,In Stock,2024-01-11 07:13:43
74e529fd-c1f0-495f-a130-0e68e4165f59,142affb7-8885-4e8e-bc18-d987aef69c6e,Blossom Tulip Bunny,MEDIUM,12.0,5.0,28.0,In Stock,2024-01-11 07:13:43
2e4f5093-0955-46d4-a0c9-ffd500a9110d,142affb7-8885-4e8e-bc18-d987aef69c6e,Blossom Tulip Bunny,SMALL,7.0,4.0,18.0,In Stock,2024-01-11 07:13:43
36607b4f-5da1-4f37-8fb0-cafd371e2918,142affb7-8885-4e8e-bc18-d987aef69c6e,Blossom Tulip Bunny,TINY,5.0,,10.0,Out of stock,2024-01-11 07:13:43
f543d8ed-9855-4645-89d1-76b0cd959b35,b92b3475-036e-4488-9bb3-d83173fe1680,Blossom Tulip Bunny with Personalised Cream Jumper,MEDIUM,12.0,5.0,38.0,In Stock,2024-01-11 07:13:45
7d841652-48fd-41bc-bce1-419f89485859,c6b5a588-6cea-4e57-a2bc-965c40d59e20,Blossom Tulip Bunny with Personalised Navy Jumper,MEDIUM,12.0,5.0,38.0,In Stock,2024-01-11 07:13:47
beb05b11-9d29-4d8b-9a24-b7ccd38f8f97,e148841e-dc97-4f4f-9e1b-08d5c0e546f7,Blossom Tulip Bunny with Personalised Red Jumper,MEDIUM,12.0,5.0,38.0,In Stock,2024-01-11 07:13:49
3b0af82e-3f2b-45a2-a646-6da46a08c941,baa1376c-55be-4c7b-8944-3a742c02f0a0,Personalised Bashful Silver Bunny Huge,HUGE,20.0,8.0,86.0,In Stock,2024-01-11 07:13:51
b97ef11b-51b9-4018-840d-4550794d5cd1,b2bd45b7-a9d7-49c7-95e0-56f5ebde9070,If I Were An Elephant Book,ONE SIZE,6.0,6.0,13.5,In Stock,2024-01-11 07:13:52
8925006e-16d7-466a-8bd8-17e602e6f01a,5361ad90-bc8f-4988-aecb-3c9fb966a9fe,The Magic Bunny Book,ONE SIZE,7.0,7.0,15.0,In Stock,2024-01-11 07:13:54
a9e859ce-3733-47f9-aa83-db1c9298ab0c,f30c7d06-03d4-4343-a32f-ec38b7d23b08,When I am Big Book,ONE SIZE,8.0,8.0,15.0,In Stock,2024-01-11 07:13:56
8828139d-c917-45b9-b25a-0c0c2ab6c778,0b92b03e-369f-428c-b86f-ba3a6db97526,Bumbly Bear,HUGE,23.0,9.0,99.0,Out of stock,2024-01-11 07:13:58
a30e2318-3767-4040-bc95-70472115f1fc,0b92b03e-369f-428c-b86f-ba3a6db97526,Bumbly Bear,LARGE,20.0,7.0,60.0,In Stock,2024-01-11 07:13:58
66281d42-2246-44ca-b0da-06fcc701febc,0b92b03e-369f-428c-b86f-ba3a6db97526,Bumbly Bear,MEDIUM,15.0,6.0,43.0,In Stock,2024-01-11 07:13:58
74ec992d-4f70-46cf-8d15-43afecaa6a7d,0b92b03e-369f-428c-b86f-ba3a6db97526,Bumbly Bear,SMALL,11.0,4.0,28.0,More on the way,2024-01-11 07:13:58
e01c4e5a-1e38-462a-8445-31ee5684051b,0c34db46-9748-4990-8cc2-322f9e14cb07,The Magic Bunny Book and Bashful Cottontail Bunny,MEDIUM,,,43.0,In Stock,2024-01-11 07:14:00
9e3123b5-3663-45a4-aac4-ebccbe4787d2,b9141846-e61b-4ceb-b889-aaa01f792557,Bashful Unicorn,MEDIUM,12.0,5.0,28.0,In Stock,2024-01-11 07:14:02
d1727461-d07b-42e3-87d8-082664232f93,b9141846-e61b-4ceb-b889-aaa01f792557,Bashful Unicorn,SMALL,7.0,4.0,18.0,In Stock,2024-01-11 07:14:02
6e0691eb-3f4e-4ade-b7a6-5b4eb0c0fd22,a159524f-f529-4f80-a660-a7d6f0589c33,Fuddlewuddle Monkey,MEDIUM,9.0,5.0,30.0,In Stock,2024-01-11 07:14:03
7efb2d5a-3551-4810-b3fb-f2ff23d50431,185ffbab-a411-4cfa-bdd0-6839a9ee8319,Bashful Beige Bunny Grabber,ONE SIZE,7.0,3.0,15.0,In Stock,2024-01-11 07:14:05
2fec64d1-e0a6-475c-a187-3219d17cb71f,a3c9b644-0652-4b4d-95ab-2b8dcbfc4817,If I Were A Rabbit Book,ONE SIZE,6.0,6.0,13.5,In Stock,2024-01-11 07:14:06
48c04cd8-12f4-4d53-9759-aa03186b5f61,ae73a30a-ac1e-4ed9-9026-2778b1865058,If I Were A Rabbit Book and Bashful Tulip Bunny,SMALL,,,31.5,In Stock,2024-01-11 07:14:08
006ee14f-92ad-40f5-8a06-8a4c93f86325,8e68d7b7-7190-438d-8372-7954a3317c70,Fuddlewuddle Lion,HUGE,17.0,9.0,69.0,Out of stock,2024-01-11 07:14:10
5b982212-0d21-4d13-ab47-42c29667c44f,8e68d7b7-7190-438d-8372-7954a3317c70,Fuddlewuddle Lion,LARGE,12.0,6.0,50.0,More on the way,2024-01-11 07:14:10
9e5c9094-1a88-48c6-bdf8-25568d665ee6,8e68d7b7-7190-438d-8372-7954a3317c70,Fuddlewuddle Lion,MEDIUM,9.0,5.0,30.0,In Stock,2024-01-11 07:14:10
577839cc-987c-4e1d-8ce5-8630a3657d00,8b757dd4-3bd4-4656-bba6-91f7edaea3b4,Bartholomew Bear,REALLY BIG,22.0,13.0,140.0,In Stock,2024-01-11 07:14:13
aa6af12c-8fed-433c-ba6e-5db94a29bdbd,8b757dd4-3bd4-4656-bba6-91f7edaea3b4,Bartholomew Bear,HUGE,19.0,7.0,55.0,In Stock,2024-01-11 07:14:13
7316e983-3993-4d16-b805-684e0ba3fde2,8b757dd4-3bd4-4656-bba6-91f7edaea3b4,Bartholomew Bear,LARGE,14.0,7.0,40.0,In Stock,2024-01-11 07:14:13
00aaec8d-4e3f-4138-a6e7-573b06c1808a,8b757dd4-3bd4-4656-bba6-91f7edaea3b4,Bartholomew Bear,MEDIUM,11.0,5.0,28.0,More on the way,2024-01-11 07:14:13
8c30e1cf-0145-4146-8fdc-b2a4487fdf83,8b757dd4-3bd4-4656-bba6-91f7edaea3b4,Bartholomew Bear,TINY,6.0,3.0,18.5,In Stock,2024-01-11 07:14:13
25fcee9c-4aee-4dcb-b9da-5be4371d6fd4,6047b2c7-d0dc-450c-914b-b2f50ac14b50,Bashful Silver Bunny,VERY BIG,43.0,18.0,275.0,In Stock,2024-01-11 07:14:15
c3897523-3531-4770-8097-67031d9ee42c,6047b2c7-d0dc-450c-914b-b2f50ac14b50,Bashful Silver Bunny,REALLY BIG,26.0,11.0,125.0,In Stock,2024-01-11 07:14:15
a86b78ce-937c-4fa8-ab1d-fc9af93b6554,6047b2c7-d0dc-450c-914b-b2f50ac14b50,Bashful Silver Bunny,HUGE,20.0,8.0,80.0,In Stock,2024-01-11 07:14:15
ddcbaaac-07e1-4a5d-b0ac-f892141aa4ae,6047b2c7-d0dc-450c-914b-b2f50ac14b50,Bashful Silver Bunny,LARGE,14.0,6.0,43.0,Out of stock,2024-01-11 07:14:15
0d48a867-0b85-4b44-b39e-2ddb9520f134,6047b2c7-d0dc-450c-914b-b2f50ac14b50,Bashful Silver Bunny,MEDIUM,12.0,5.0,28.0,In Stock,2024-01-11 07:14:15
d92564c2-7409-40d5-a5e5-582b4bc636d1,6047b2c7-d0dc-450c-914b-b2f50ac14b50,Bashful Silver Bunny,SMALL,7.0,4.0,18.0,In Stock,2024-01-11 07:14:15
6cce15c8-e55b-4fcd-b5a6-f4f41df92aff,19a57aef-eb9b-430d-980c-e2102bd4cdc4,Bashful Silver Bunny with Personalised Cream Jumper,MEDIUM,12.0,5.0,38.0,In Stock,2024-01-11 07:14:17
864aa57b-4668-4007-b32b-0f073427720b,b7ec3c90-f607-4497-b81c-2a6efb094def,Bashful Silver Bunny with Personalised Navy Jumper,MEDIUM,12.0,5.0,38.0,In Stock,2024-01-11 07:14:19
c70f72cf-63a1-4eb3-9cd8-b2e600bde442,197d3dc1-dd64-49a7-8636-25e3ed038484,Bashful Silver Bunny with Personalised Red Jumper,MEDIUM,12.0,5.0,38.0,In Stock,2024-01-11 07:14:20
86adb843-dcd4-4093-be53-2be8143e63ec,c4e2633c-a4fe-4483-bf90-fee9c238bfcb,Personalised Bashful Silver Bunny Medium,MEDIUM,12.0,5.0,34.0,In Stock,2024-01-11 07:14:23
2eee8e07-6490-4503-96e0-f49454b9ba65,faef5c2c-7826-4745-b40b-275a42504b68,Bashful Cottontail Bunny,VERY BIG,43.0,18.0,275.0,In Stock,2024-01-11 07:14:25
f86f7b48-2e21-4366-afe3-dfd665e37327,faef5c2c-7826-4745-b40b-275a42504b68,Bashful Cottontail Bunny,REALLY BIG,26.0,12.0,125.0,In Stock,2024-01-11 07:14:25
ca5e1618-d15c-40a3-9056-db817f986642,faef5c2c-7826-4745-b40b-275a42504b68,Bashful Cottontail Bunny,MEDIUM,12.0,5.0,28.0,In Stock,2024-01-11 07:14:25
c3b30469-2c89-4529-b545-116e8a48cfd0,faef5c2c-7826-4745-b40b-275a42504b68,Bashful Cottontail Bunny,SMALL,7.0,4.0,17.5,Out of stock,2024-01-11 07:14:25
bac37fbe-1ddc-4534-90c1-2f571ed54688,7e1af19d-45d5-41fb-8c34-43ffbe8b20cf,Blossom Cream Bunny,LARGE,14.0,6.0,43.0,Out of stock,2024-01-11 07:14:27
f44c47ab-ff24-45c5-9749-9e4362298a77,7e1af19d-45d5-41fb-8c34-43ffbe8b20cf,Blossom Cream Bunny,MEDIUM,12.0,5.0,28.0,Returning to stock next week,2024-01-11 07:14:27
71ee8c78-2623-43d7-9b3e-f1095a097adb,7e1af19d-45d5-41fb-8c34-43ffbe8b20cf,Blossom Cream Bunny,SMALL,7.0,4.0,18.0,In Stock,2024-01-11 07:14:27
d583ea46-9496-4ae2-b593-80ef83cb1b3a,07315108-7af2-4c40-95c3-327036d13e62,Bashful Cottontail Bunny with Personalised Cream Jumper,MEDIUM,12.0,5.0,38.0,In Stock,2024-01-11 07:14:29
420a5456-e20c-4fbb-848e-efdac4e8b4fc,586679df-8ca0-4293-8a84-1289d812d83d,Bashful Cottontail Bunny with Personalised Navy Jumper,MEDIUM,12.0,5.0,38.0,In Stock,2024-01-11 07:14:31
2db4b39c-f1e6-45dd-8dd5-cebe23c2862d,e8b0fa7b-f497-46fc-8e20-03aaca161dec,Bashful Cottontail Bunny with Personalised Red Jumper,MEDIUM,12.0,5.0,38.0,In Stock,2024-01-11 07:14:33
ba36b837-4b8c-42b9-b246-e60ec4831192,43eed6be-f6a7-4416-80d4-8adabb466a17,Personalised Bashful Cottontail Bunny Medium,MEDIUM,12.0,5.0,34.0,In Stock,2024-01-11 07:14:35
aec690d0-38c5-4772-96ed-0b4d117b07e5,0c3bdf46-c4a2-489d-b843-831d7ce27bfa,Bashful Monkey Soother,ONE SIZE,13.0,13.0,25.0,In Stock,2024-01-11 07:14:36
0348c537-9dce-439f-bf5f-0754bf71ad9c,986b9cf3-04ca-4d4f-9ff0-09559f5b5ef5,Bashful Black & Cream Puppy,VERY BIG,43.0,18.0,275.0,In Stock,2024-01-11 07:14:38
21096a12-a6b6-411c-aa0c-ec880cf22800,986b9cf3-04ca-4d4f-9ff0-09559f5b5ef5,Bashful Black & Cream Puppy,MEDIUM,12.0,5.0,28.0,In Stock,2024-01-11 07:14:38
3cae441c-efbe-45d2-857e-842e2b903005,986b9cf3-04ca-4d4f-9ff0-09559f5b5ef5,Bashful Black & Cream Puppy,SMALL,7.0,4.0,18.0,In Stock,2024-01-11 07:14:38
63f28403-2162-4c2c-bd3a-e41f81b152a7,ecd65009-9cc3-4dc3-9b0c-1e2d0afb4e97,Bashful Blue Bunny,HUGE,20.0,8.0,67.5,Out of stock,2024-01-11 07:14:43
902f7a96-f212-48f6-966f-12aa5a05071b,ecd65009-9cc3-4dc3-9b0c-1e2d0afb4e97,Bashful Blue Bunny,MEDIUM,12.0,5.0,28.0,In Stock,2024-01-11 07:14:43
57c98c7d-20b0-4b99-bba8-338b9fb53174,ecd65009-9cc3-4dc3-9b0c-1e2d0afb4e97,Bashful Blue Bunny,TINY,5.0,2.0,10.0,Out of stock,2024-01-11 07:14:43
ef2c9610-3bb3-4b30-8199-91a5877bd22d,98353814-332d-43ee-bdda-e2b64375a85b,Bashful Pink Bunny,HUGE,20.0,8.0,67.5,Out of stock,2024-01-11 07:14:46
d7f85d88-0657-45bf-ab64-be10be295a03,98353814-332d-43ee-bdda-e2b64375a85b,Bashful Pink Bunny,LARGE,14.0,6.0,43.0,Out of stock,2024-01-11 07:14:46
9abc11fb-4b51-4f9f-96c8-311fd1e259ff,98353814-332d-43ee-bdda-e2b64375a85b,Bashful Pink Bunny,MEDIUM,12.0,5.0,28.0,In Stock,2024-01-11 07:14:46
5d25815d-4cf8-4753-8d65-b9b3fea02688,98353814-332d-43ee-bdda-e2b64375a85b,Bashful Pink Bunny,TINY,5.0,2.0,10.0,Out of stock,2024-01-11 07:14:46
a3afc025-298c-4a7d-aecb-57c2dd6702af,db4e69d3-f3fe-4512-80c4-c81d771b3957,Fuddlewuddle Puppy,MEDIUM,9.0,5.0,30.0,In Stock,2024-01-11 07:14:49
7c76a4c3-8846-40aa-802f-a2515f85a03b,10ff786d-9766-4f76-b964-d8f4e9fa9079,Bashful Black & Cream Puppy with Personalised Cream Jumper,MEDIUM,12.0,5.0,38.0,In Stock,2024-01-11 07:14:54
328f39d5-1a65-4edb-88b7-8fcf65ba1d65,c65c4451-abae-4b31-9adb-f5e9c7559888,Bashful Blue Bunny with Personalised Cream Jumper,MEDIUM,12.0,5.0,38.0,In Stock,2024-01-11 07:14:56
3f157d54-1c9c-4133-8329-0f0acd8b12fc,a8cad439-0e5b-4656-ba84-4f795cb1be79,Bashful Pink Bunny with Personalised Cream Jumper,MEDIUM,12.0,5.0,38.0,In Stock,2024-01-11 07:14:58
c4c45be4-c17e-4939-8cea-de8c2a14b719,9ce14ffb-4ec4-48d7-b5f1-02653b23bc53,Bashful Black & Cream Puppy with Personalised Navy Jumper,MEDIUM,12.0,5.0,38.0,In Stock,2024-01-11 07:15:01
6e5cd831-1a98-4faa-8648-88353c55fc98,d5b0562f-078d-43bd-86e7-42118bfcbc2d,Bashful Blue Bunny with Personalised Navy Jumper,MEDIUM,12.0,5.0,38.0,In Stock,2024-01-11 07:15:03
6573ea94-76ca-46da-adb7-fac2a2d6a0c1,5b6dd402-3ab2-456c-8437-2202e7d7adc6,Bashful Pink Bunny with Personalised Navy Jumper,MEDIUM,12.0,5.0,38.0,In Stock,2024-01-11 07:15:05
7729f767-011f-48d3-a66c-7ecb703db728,cfc93014-81a1-4ced-ba25-39010b5a490d,Bashful Black & Cream Puppy with Personalised Red Jumper,MEDIUM,12.0,5.0,38.0,In Stock,2024-01-11 07:15:07
93c4217f-5ec4-4b75-b89a-7e341abcfcb2,7e456c3d-cd8d-43fa-83ee-6e9294367489,Bashful Blue Bunny with Personalised Red Jumper,MEDIUM,12.0,5.0,38.0,In Stock,2024-01-11 07:15:09
68423a31-07e0-4ad5-9488-171565f73d12,16282754-2007-4fd6-b11e-e9bca84d6849,Bashful Pink Bunny with Personalised Red Jumper,MEDIUM,12.0,5.0,38.0,In Stock,2024-01-11 07:15:11
7749611f-aeef-4506-bbd2-24001617434b,925d4c5c-2b41-4e5b-84a3-d4b09cfe6742,Personalised Bashful Blue Bunny Medium,MEDIUM,12.0,5.0,34.0,In Stock,2024-01-11 07:15:13
06b82b17-e112-43ca-8690-7e0ac5515feb,bb16aa70-46c1-4245-b188-ae1c87a9d166,Bashful Pink Bunny Rattle,SMALL,7.0,4.0,15.0,In Stock,2024-01-11 07:15:15
02be84ba-4a48-4437-bc65-86075321948a,8ae432b7-1c6b-4b0e-84fc-c39fd953d9b6,Bashful Pink Bunny Soother,ONE SIZE,13.0,13.0,25.0,In Stock,2024-01-11 07:15:17
2267e711-fb80-45ab-8494-cec87beae570,f9c5b05d-a734-4711-b6f4-f4088f6262b0,Personalised Bashful Cream Bunny Huge,HUGE,20.0,8.0,86.0,In Stock,2024-01-11 07:15:19
31bf957d-2880-4ae6-a296-5be43939ba18,2552199b-4978-4601-ab49-d3c8cc2b9a60,Edward Bear,MEDIUM,13.0,6.0,30.0,In Stock,2024-01-11 07:15:21
d561be73-1d21-482e-a1fb-dda342b076e7,2552199b-4978-4601-ab49-d3c8cc2b9a60,Edward Bear,SMALL,10.0,5.0,23.0,Out of stock,2024-01-11 07:15:21
d58bded4-cba0-439b-8fbf-ebfe35205d61,8e92e88f-0f7c-49bd-9543-c809af3b1ae9,Personalised Bashful Beige Bunny Huge,HUGE,20.0,8.0,86.0,In Stock,2024-01-11 07:15:23
0aabf752-7915-4237-888c-f53ef9af07fc,8cf4e92c-c33d-45f2-817d-9cdb32ad81a7,Bashful Beige Bunny,VERY BIG,43.0,18.0,275.0,In Stock,2024-01-11 07:15:26
e66c4c33-270f-4f21-8d79-2b78826d9fc6,8cf4e92c-c33d-45f2-817d-9cdb32ad81a7,Bashful Beige Bunny,REALLY BIG,26.0,12.0,125.0,In Stock,2024-01-11 07:15:26
5aef64b5-c760-451d-aad1-39078765dd0e,8cf4e92c-c33d-45f2-817d-9cdb32ad81a7,Bashful Beige Bunny,HUGE,20.0,8.0,80.0,In Stock,2024-01-11 07:15:26
0174a98d-5fb3-473c-84a6-77ac36ca5cbf,8cf4e92c-c33d-45f2-817d-9cdb32ad81a7,Bashful Beige Bunny,LARGE,14.0,6.0,43.0,In Stock,2024-01-11 07:15:26
baa60b95-0b38-4d33-b433-072c50daab7b,8cf4e92c-c33d-45f2-817d-9cdb32ad81a7,Bashful Beige Bunny,MEDIUM,12.0,5.0,28.0,In Stock,2024-01-11 07:15:26
f3d787c4-fbe1-406e-bf07-7e790e4c46fc,8cf4e92c-c33d-45f2-817d-9cdb32ad81a7,Bashful Beige Bunny,SMALL,7.0,4.0,18.0,In Stock,2024-01-11 07:15:26
007ef540-457b-43ce-ba06-bff771833a32,8cf4e92c-c33d-45f2-817d-9cdb32ad81a7,Bashful Beige Bunny,TINY,5.0,2.0,14.0,In Stock,2024-01-11 07:15:26
5d8515ae-342f-4e2a-a4a0-c0bc3cf58f77,04b540d8-d78e-48e4-8b5a-9d6f0a6ad6ca,Bashful Beige Bunny with Personalised Cream Jumper,MEDIUM,12.0,5.0,38.0,In Stock,2024-01-11 07:15:28
9a407775-718e-46a0-a26d-de09710c2fbb,784d6b4f-452a-4c71-b942-d566fc65c2a7,Bashful Beige Bunny with Personalised Navy Jumper,MEDIUM,12.0,5.0,38.0,In Stock,2024-01-11 07:15:29
dbb75a19-5d16-4053-b608-6ef8cc335a1d,2113f17b-eefc-45a1-8ba4-d7992f7df745,Bashful Beige Bunny with Personalised Red Jumper,MEDIUM,12.0,5.0,38.0,In Stock,2024-01-11 07:15:31
807c47c7-f246-41ca-bea0-2e3e1cc7af62,0a59d2b7-1c2f-4f46-a69d-47cd50f427eb,Personalised Bashful Beige Bunny Medium,MEDIUM,12.0,5.0,34.0,In Stock,2024-01-11 07:15:33
8439416c-f902-40a7-8a8e-78ae22f02493,7734ca5e-f0d3-4db5-a14a-872439f076ac,Bashful Cream Bunny,VERY BIG,43.0,18.0,275.0,Returning to stock 2-3 months,2024-01-11 07:15:36
2f2d95fa-293a-4f4e-bb34-3727b658ee23,7734ca5e-f0d3-4db5-a14a-872439f076ac,Bashful Cream Bunny,REALLY BIG,26.0,11.0,125.0,In Stock,2024-01-11 07:15:36
80d10ff8-adc0-4ffa-91fd-15da4a798660,7734ca5e-f0d3-4db5-a14a-872439f076ac,Bashful Cream Bunny,HUGE,20.0,8.0,80.0,In Stock,2024-01-11 07:15:36
f1bce8f7-ec0e-4dd7-b34a-5e6886501074,7734ca5e-f0d3-4db5-a14a-872439f076ac,Bashful Cream Bunny,LARGE,14.0,6.0,43.0,In Stock,2024-01-11 07:15:36
99b072bd-efc7-41aa-9ffc-9b93c0f4ca3e,7734ca5e-f0d3-4db5-a14a-872439f076ac,Bashful Cream Bunny,MEDIUM,12.0,5.0,28.0,Returning to stock 2-3 months,2024-01-11 07:15:36
60d63518-d68c-4d03-aced-db085fbcb4bf,7734ca5e-f0d3-4db5-a14a-872439f076ac,Bashful Cream Bunny,SMALL,7.0,4.0,18.0,In Stock,2024-01-11 07:15:36
d4fd0624-f4b7-4afb-801b-cd8201be779f,7734ca5e-f0d3-4db5-a14a-872439f076ac,Bashful Cream Bunny,TINY,5.0,2.0,14.0,Out of stock,2024-01-11 07:15:36
d3ae2e21-5618-4ee2-a197-c24ad1e882e5,5d96811b-c672-4d0c-b0d0-bb02f610b477,Personalised Rose Dragon Huge,HUGE,7.0,26.0,126.0,In Stock,2024-01-11 07:15:38
bfff4537-bec4-4e49-af97-b4242df148f1,bf4e4514-f3b7-4a62-8ebc-509f00fccb18,Personalised Bashful Pink Bunny Soother,ONE SIZE,13.0,13.0,31.0,In Stock,2024-01-11 07:15:40
428c9eac-7544-4c7c-b35a-37745fdaf583,47d0c660-8661-4cce-8aeb-0efc43b67546,Rory Le Courageux Petit Lion & Fuddlewuddle Lion,MEDIUM,,,45.0,In Stock,2024-01-11 07:15:42
cfbaa3fd-4405-442c-85c1-68e06fdb9f8d,a75372a0-b59c-4855-bfb5-8aab5773c99a,Little Me Book and Bashful Beige Bunny,MEDIUM,,,43.0,In Stock,2024-01-11 07:15:44
a787ebb0-80e0-4341-9592-a6d44a917726,9653badb-0730-4cf9-afe5-cf9a3c35f293,Lapin Timide Et Ses Petites Aventures & Bashful Beige Bunny,MEDIUM,,,43.0,In Stock,2024-01-11 07:15:45
22c73185-db2a-49a5-9153-04fe98ce932c,14ae2e98-2128-4907-973f-841b083563f6,Lottie Fairy Bunny Book and Lottie Bunny Fairy,ONE SIZE,,,47.5,In Stock,2024-01-11 07:15:47
8581ebec-62df-4f01-a68c-ca36adbad759,e70afd0f-6d2b-4731-adc3-ffacbf1fd1ca,Lapin Timide Veille Sur Tes Nuits & Bashful Cottontail Bunny,MEDIUM,,,43.0,In Stock,2024-01-11 07:15:48
def0e3d9-2379-45ed-b5dd-a0010b76e26d,2eaa0640-25d6-425a-ac82-15aeb0d4ab53,Merry Mouse Book and Merry Mouse,ONE SIZE,,,42.5,In Stock,2024-01-11 07:15:50
1f1cb78d-5ca1-412f-97c2-26cacd73450c,66c977b5-4fb9-4805-ac2c-49fe34ef9b3d,Who Can I Find Book and Little Bunny,ONE SIZE,,,32.5,In Stock,2024-01-11 07:15:52
c67e3df0-e363-43b7-957f-783be7551ade,c0bfcda9-7e69-4372-9deb-a5c0c5ba07a9,Lapin Timide Veut Grandir & Bashful Cream Bunny,MEDIUM,,,43.0,In Stock,2024-01-11 07:15:53
abd3aefb-5a75-45fd-8ab3-ced7b4868344,2b9b5590-8cf8-4d59-8b3b-f6f2536fae81,Archie Dinosaur,ONE SIZE,9.0,6.0,35.0,More on the way,2024-01-11 07:15:55
c376e27f-891e-4da1-a1bc-eacf07c07fae,f4eb9bd6-f5c2-4ef3-aecc-585c24c59ee5,Bashful Grey Kitty,MEDIUM,12.0,5.0,28.0,More on the way,2024-01-11 07:15:57
9e95f727-94d0-4739-be6a-297b4adfbc6d,66f0ded7-997d-4643-8a63-0978aa115193,If I Were a Bunny Board Book,ONE SIZE,6.0,6.0,13.5,Returning to stock 2-3 months,2024-01-11 07:15:58
3327a929-7536-4995-b771-dcae2dc85d3a,461edccc-8f44-4ef7-9b5d-0b339b0fd55f,Blossom Beige Bunny Bag Charm,ONE SIZE,7.0,2.0,23.0,More on the way,2024-01-11 07:16:00
1e4767c0-2a5a-4bc2-97b8-5c2d9a841292,5234ef46-cfa5-4999-b175-c92a4aac39f9,Blossom Blush Bunny Bag Charm,ONE SIZE,7.0,2.0,23.0,More on the way,2024-01-11 07:16:02
05e9d3b9-c37b-4faf-a542-c2b39188146a,ff23d086-f6a8-4f00-b32a-7a42bccd798c,Blossom Jasmine Bunny Bag Charm,ONE SIZE,7.0,2.0,23.0,More on the way,2024-01-11 07:16:03
2434311c-0a16-4fd4-93df-ff40bce7d83e,a68e8abc-c9e1-42f4-9dea-97dbb7c95a93,Backpack Panda,ONE SIZE,9.0,4.0,30.0,More on the way,2024-01-11 07:16:04
ac23798d-3aeb-4c10-a258-a6650c487acb,ee9d2a06-6482-42b3-aad7-a5ccb16a049f,Caboodle Puppy,ONE SIZE,4.0,4.0,20.0,More on the way,2024-01-11 07:16:06
d73c74b5-eac3-4758-8310-f2ed167bc261,c6f9fdae-9d84-4be4-a8d3-63fd5aa72487,Carissa Persian Cat,ONE SIZE,10.0,10.0,45.0,Returning to stock 2-3 months,2024-01-11 07:16:08
12ad9f23-4033-4a1a-8e4a-3f43296c23d4,e3836c68-48e4-4b1f-87aa-3987fb5260cb,Clyde Capybara,ONE SIZE,8.0,9.0,43.0,Out of stock,2024-01-11 07:16:09
e066bde7-ff34-4b83-b930-58cdc9a2cccf,47a5dee2-9d0f-4f6c-aaf8-7c80a4b0577c,Dara Giraffe,ONE SIZE,22.0,7.0,75.0,More on the way,2024-01-11 07:16:11
d1569b88-a591-4de1-b366-910e9f46e145,312bef00-0565-4754-acc5-0ed35ef22976,Dario Donkey,ONE SIZE,14.0,7.0,60.0,More on the way,2024-01-11 07:16:12
333eefd8-079e-421a-9891-a82b061f807f,724adfc8-5d3d-4174-b79d-1c4e150d7169,Fuddlewuddle Ginger Cat,MEDIUM,9.0,5.0,30.0,More on the way,2024-01-11 07:16:14
e5a2fda1-3bdc-450c-9094-5a0012589fad,c85a7ec4-5d08-4c98-8a28-fb7da02ac268,Gordy Guinea Pig,ONE SIZE,8.0,6.0,30.0,More on the way,2024-01-11 07:16:15
c3e8b9ff-13e5-496b-bdc5-648db20bef1d,14a878b2-b5e1-4d94-9e4f-b25ac41acdf0,Huddles Kangaroo,ONE SIZE,10.0,6.0,45.0,Returning to stock 2-3 months,2024-01-11 07:16:17
f90ef1bf-afce-40d0-9c17-292340c40e77,06cd1714-62db-4e9b-a194-051f236b225c,Iris Siamese Cat,ONE SIZE,11.0,5.0,33.0,More on the way,2024-01-11 07:16:19
f3e94d11-7d59-4dca-ad78-30bf0679152f,e60752c0-a2a9-41f7-8a59-556fd2b94145,Little Goat,ONE SIZE,7.0,4.0,22.0,More on the way,2024-01-11 07:16:20
fb2c2f0f-63bb-44bb-863c-d70cffeba111,a8c3d817-3b29-44f7-a149-dab41652065a,Little Pig Bag,ONE SIZE,7.0,7.0,40.0,More on the way,2024-01-11 07:16:22
889a8f2b-dd49-4c02-a608-e51713b2ca52,f29af03b-01bb-4216-9a4e-1a05e304ec7b,Little Pup Bag Charm,ONE SIZE,7.0,2.0,25.0,More on the way,2024-01-11 07:16:23
c7cb57ca-ab25-4841-8d62-d342d4d77c84,119a6a4a-bd99-4d22-8b7e-60f38d274bb0,Randall Basset Hound,ONE SIZE,9.0,13.0,35.0,More on the way,2024-01-11 07:16:25
31a2405d-ef00-4f3d-9078-e239fbfa3b3b,e62f8654-6dad-4f81-8b90-38bad76800dd,Richie Dromedary,ONE SIZE,11.0,17.0,60.0,More on the way,2024-01-11 07:16:26
9f14794d-5beb-49dc-8cbb-028802497bf5,244b038b-af93-4188-aa33-a4fb26db1cad,Tilly Golden Retriever,ONE SIZE,11.0,6.0,35.0,More on the way,2024-01-11 07:16:28
bc589864-74e6-4b06-b7b2-f6a8009e4e53,d1e19d69-9ee1-4d70-a8cd-473db047a405,Wanderlust Elly,ONE SIZE,7.0,14.0,100.0,More on the way,2024-01-11 07:16:30
b203d1b2-f2b2-45d3-a8e1-65270e5ec826,a4c49c2e-718a-491f-b6ab-178539645d9f,Yummy Puppy,ONE SIZE,6.0,3.0,20.0,Returning to stock 2-3 months,2024-01-11 07:16:31
d224ec62-0b81-4589-ba80-d945245e3e2a,6823d1fa-ccbb-4f6a-88ac-0bd94f6c268f,Festival Dragon,ONE SIZE,4.0,17.0,55.0,Returning to stock next week,2024-01-11 07:16:33
ff7e99e5-2ea4-4828-becd-4fc91598142c,735f1470-1104-4c28-be01-a33b92c8b83f,Dainty Dessert Bunny Cupcake,ONE SIZE,6.0,4.0,28.0,Returning to stock 2-3 months,2024-01-11 07:16:34
41b15f49-0989-4742-82b5-97ec0ca998a9,3ed8e3a3-9b3f-46ad-ae14-b3883d530d18,Honeyhome Bee,ONE SIZE,7.0,7.0,35.0,More on the way,2024-01-11 07:16:36
197c4bff-42c6-4080-8af8-2f176ab14a7e,b22611fe-647b-424e-bf2d-8b96f0065876,Alexis Anglerfish,ONE SIZE,6.0,8.0,35.0,Out of stock,2024-01-11 07:16:38
7ba7a49a-e1da-418d-8b7a-ace728ad2cad,6856fc21-ed16-4385-ae97-9856f7bc19dc,Bartholomew Bear Bag,ONE SIZE,6.0,7.0,38.0,Returning to stock next week,2024-01-11 07:16:40
dc9f614e-be81-4d7e-a91e-9b497987487b,e6f51b75-cc40-4353-9224-4ac97e354716,Bashful Bunny Cream Bag Charm,ONE SIZE,7.0,2.0,19.0,Out of stock,2024-01-11 07:16:41
899894b3-31a1-48cb-ba95-cd72a73e51bd,2cb2090d-c18b-4f4b-8f71-c916ab7b5dd4,Bashful Bunny Truffle Bag Charm,ONE SIZE,7.0,2.0,19.0,More on the way,2024-01-11 07:16:43
77dffc6b-0d02-42db-bd4e-b9e8cb40c71c,0ecef091-6926-4e20-a2cf-53d105de8d4b,Bashful Bunny Inky Bag Charm,ONE SIZE,7.0,2.0,19.0,More on the way,2024-01-11 07:16:44
ec930d59-ec8e-4b0f-a6eb-e0f0fc6434d1,712debaf-9cdd-400b-b176-fe4d14ed2093,Kitten Tails Activity Book,ONE SIZE,9.0,5.0,18.5,More on the way,2024-01-11 07:16:46
0935f553-d1e9-4f42-a3a2-20981883898e,79de0425-3dcf-47a4-938c-2ccabc6189ee,When I Am Sleepy Book,ONE SIZE,8.0,8.0,15.0,Returning to stock 3-4 weeks,2024-01-11 07:16:47
437eb59e-466a-4176-9aba-6e19a7cc9e60,4bba0943-046d-498f-afd8-a2830d04fcfb,Backpack Puppy,ONE SIZE,9.0,4.0,30.0,More on the way,2024-01-11 07:16:49
f82f3376-9c5b-49b5-b7e8-014f12e12124,ab012ab4-0b8a-40ae-9e40-d64e94e47ef1,Caractacus Chameleon,ONE SIZE,15.0,7.0,65.0,More on the way,2024-01-11 07:16:51
2995de84-13f5-468f-812a-fbede47e3315,a2c7f375-f539-4f32-9c04-0ec63d52b2e3,Cauldron Cuties,ONE SIZE,6.0,5.0,35.0,More on the way,2024-01-11 07:16:53
a67930da-8253-450e-9dc7-4a067eb00c7f,c98e5288-4cf2-42ec-b29f-3810f48d1be2,Coquette Cutie Cat,ONE SIZE,10.0,2.0,32.5,More on the way,2024-01-11 07:16:54
89573959-1f59-4bdb-a35e-e235df450a61,e5b010dc-c80e-43d2-b740-b429658ba90e,Daphne Pomeranian,ONE SIZE,9.0,8.0,33.0,More on the way,2024-01-11 07:16:56
9c4b4060-ccee-4e9d-a4cd-2992a07a7dbc,748559ef-4011-4f56-adce-58a02d80b630,Floofie St Bernard,ONE SIZE,7.0,16.0,80.0,More on the way,2024-01-11 07:16:58
2516361b-43f0-470c-9da4-81cdb647bc84,b04f07f8-be41-4ec7-a3f2-cf969e2cb1ce,Freya Pony,ONE SIZE,13.0,13.0,65.0,More on the way,2024-01-11 07:16:59
1d0ccdac-9231-4580-bc9c-0b5230265b65,05749d82-361b-45cb-8348-2ab7acb6c38e,Georgiana Poodle,ONE SIZE,9.0,5.0,33.0,More on the way,2024-01-11 07:17:01
356547f4-51b1-44b7-b048-0c6deebf3672,24cb7a58-5e2c-4a83-976b-43320d5adfba,Jackson Husky,ONE SIZE,10.0,6.0,35.0,More on the way,2024-01-11 07:17:03
7ff31bf1-19be-4abe-8612-defce8c51f68,586a7ed4-f203-418b-91a1-0f9e7afd6518,Kitten Caboodle Grey,ONE SIZE,4.0,4.0,20.0,Returning to stock 3-4 weeks,2024-01-11 07:17:04
41def830-5504-482d-8491-25c845641c79,47619ac5-31d0-4b35-bfdb-004e768b97c5,Little Snake,ONE SIZE,6.0,8.0,22.0,Returning to stock 2-3 months,2024-01-11 07:17:06
5c4748f6-cd54-407f-9ff1-abfbb1643d27,768b592c-a08e-4093-98fe-9fbc232a9cc2,Munro Scottie Dog Bag Charm,ONE SIZE,4.0,2.0,23.0,Returning to stock 2-3 months,2024-01-11 07:17:07
e56a2071-4706-4eaf-aebd-6a16635e3742,6f704a37-079d-47f7-ac0f-74d945c50eda,Munro Scottie Dog Bag,ONE SIZE,9.0,5.0,40.0,Out of stock,2024-01-11 07:17:09
d8d74239-2984-4fd5-a087-9e89096f26e5,7331ce3c-b6f1-4fa0-9d4b-6d86f6d67cb5,Myrtle Hippopotamus,ONE SIZE,15.0,6.0,45.0,More on the way,2024-01-11 07:17:11
d7bf4d73-0e14-48a3-a781-e709d99de3d2,4fa72a6d-1d78-4993-9569-2fa1a54faecc,Nessie Nessa,ONE SIZE,9.0,14.0,30.0,Out of stock,2024-01-11 07:17:12
ff01c8c4-d0cf-486a-b95d-91dcb98814e1,6a5649f3-c38c-4c1c-ad82-ef1a34b73b43,Ooky Bat,ONE SIZE,6.0,2.0,20.0,More on the way,2024-01-11 07:17:14
03b1da55-4764-4114-a9fe-c37986163357,d3880033-11a8-4ea3-b07c-9e5a65fcfc6d,Otto Sausage Dog Bag,ONE SIZE,6.0,9.0,40.0,Returning to stock 2-3 months,2024-01-11 07:17:16
84b4c5b7-b451-46e5-a501-27b8a837b47e,0f9b2df0-616b-453f-a2e1-11c5a25bf5e9,Ricky Rain Frog Bag Charm,ONE SIZE,3.0,3.0,23.0,Returning to stock next week,2024-01-11 07:17:18
28cb078a-def1-482f-8f27-150ee63a5de2,8c3b5515-3690-4842-97ca-708a1c74b35c,Timmy Turtle,ONE SIZE,11.0,8.0,40.0,More on the way,2024-01-11 07:17:19
53a5ecc4-04a7-41ce-9a6e-31a919aedc9d,d424173c-61d4-4021-bc26-fc562df4f1fc,Yummy Bear,ONE SIZE,6.0,3.0,20.0,Returning to stock 2-3 months,2024-01-11 07:17:21
66c8fb9d-32ce-4995-8a92-54e1d208c042,b6674b5a-44e0-4c33-a96b-8760c77c29e4,Birdling Seagull,ONE SIZE,4.0,3.0,17.0,More on the way,2024-01-11 07:17:23
4d3712ca-0b5f-4cb0-853d-df38c6a32c52,2e223e68-7fc5-4da3-9e73-6d564354132c,Bartholomew Bear Bedtime,MEDIUM,10.0,5.0,30.0,More on the way,2024-01-11 07:17:24
f9dea18e-c9a7-4b76-8b72-a3e6e30b553e,f9c2a6bf-bb1a-4bba-a403-c5a12f508ece,Little Reindeer,ONE SIZE,7.0,4.0,20.0,More on the way,2024-01-11 07:17:26
f05a9cc5-7d9f-4115-becb-c1a24187288b,e6d9e2a6-794f-4df0-aec1-9e74f7c0c0bc,Merry Mouse Sleighing,ONE SIZE,7.0,4.0,42.5,Out of stock,2024-01-11 07:17:27
c25348cf-64d1-4c49-ac16-daeee64d1503,0d51a75a-c19b-4132-9760-983047c63602,Nesting Penguins,ONE SIZE,4.0,5.0,35.0,More on the way,2024-01-11 07:17:29
4df51492-cd19-4324-a03f-3d204ebf3673,d88e83b0-1bad-495d-a300-6317c453a037,Ronnie Rockhopper Penguin,ONE SIZE,10.0,4.0,25.0,More on the way,2024-01-11 07:17:30
eb724ce9-62c4-40f2-bb0c-4005f522392e,da0b53a6-9a76-4a6b-ac47-c86bec11abd7,Wee Reindeer,ONE SIZE,5.0,3.0,17.5,Out of stock,2024-01-11 07:17:32
9692849a-3f8a-4e39-9c15-aff3cc2fe51c,fa10eb7e-d248-40fe-8057-68dc6b944db0,Blowzy Belle Cat,ONE SIZE,17.0,4.0,37.5,More on the way,2024-01-11 07:17:34
0fe98a32-243b-4c46-998e-fcbf1b01c8f0,acede0f1-ad2d-4510-8014-319fa8148037,Fuzzkin Lamb,ONE SIZE,9.0,4.0,25.0,More on the way,2024-01-11 07:17:35
6ba6bb60-d725-4f01-9337-e18e2bfb1cc9,fd876673-a24b-4e69-9ba0-5d38febe61dc,Herbie Highland Cow,ONE SIZE,10.0,6.0,35.0,More on the way,2024-01-11 07:17:37
9f2fd1f2-51b7-4571-bdf3-376362f45e59,65ec156d-7b04-4d32-ba7d-214122db823c,Little Mouse,ONE SIZE,7.0,4.0,22.0,More on the way,2024-01-11 07:17:38
bf7b8944-492e-4a23-a505-79e5dd783d43,20c0b7c2-3ddc-41f9-adb4-d9e3225101e9,Personalised Bashful Luxe Bunny Rosa Huge,HUGE,20.0,8.0,91.0,More on the way,2024-01-11 07:17:40
5dbad6f8-6f4e-4131-8b5d-09279651d713,61f1d111-a66e-4d7f-ba7f-016167753793,Sweetsicle Elephant,ONE SIZE,6.0,3.0,20.0,More on the way,2024-01-11 07:17:41
3207c964-2947-4a3d-817d-35b074be3dfa,a097f586-19d5-4418-9e9c-e92d47ae4f68,Tumblie Elephant,ONE SIZE,5.0,14.0,30.0,Returning to stock 2-3 months,2024-01-11 07:17:43
c5211956-df3a-4e7c-9a2b-4bac5abad455,ec122f9a-2f0f-4e71-a48d-e750def38f0e,Wavelly Whale Blue,ONE SIZE,2.0,6.0,15.0,More on the way,2024-01-11 07:17:45
cf793738-6343-4237-9322-c9629a1574ad,0b31caf7-4590-4e87-8dcd-4977703e6a8c,Wavelly Whale Grey,ONE SIZE,3.0,5.0,15.0,Returning to stock 2-3 months,2024-01-11 07:17:47
22adce8c-51aa-4cd8-8745-d34c8a9c069d,d349eb5c-64c0-4cd0-9b49-2e3153b6c28d,Lottie The Ballet Bunny Book,ONE SIZE,7.0,7.0,15.0,Returning to stock 3-4 weeks,2024-01-11 07:17:48
dec5b6e6-d8a1-4b3c-a1d4-3f01a2b07b82,462f777e-4159-4b15-8ea1-db7627413b0e,Sandy Snail,ONE SIZE,5.0,3.0,27.0,Returning to stock 2-3 months,2024-01-11 07:17:50
0cc141c0-6d46-469c-baca-c693286c3bf2,6c3f6cd9-2056-4156-ac46-a29451dc914a,Yummy Duckling,ONE SIZE,6.0,4.0,20.0,More on the way,2024-01-11 07:17:51
3f159d5c-e899-4a20-bcf6-727af62521e6,ee69780f-265e-4a77-b9c4-ae11b06598b3,Yummy Lamb,ONE SIZE,6.0,4.0,20.0,More on the way,2024-01-11 07:17:53
a8b3adc2-1043-4475-b1b0-df290ede2014,297e3b5b-9d6f-45f3-a443-ad074e28c536,Amore Dog,ONE SIZE,10.0,7.0,40.0,More on the way,2024-01-11 07:17:55
5b9afe61-a6b6-4087-b502-7d98d6526a52,f386831a-28cc-444f-96cd-43dbfb0d3fc5,Ambrosie Squirrel,ONE SIZE,9.0,4.0,35.0,More on the way,2024-01-11 07:17:56
d09ad7e6-8e19-4b8c-a08a-8b9e625841b7,5cef0f48-d017-4428-85b1-47fb606914e1,Archibald Elephant,MEDIUM,10.0,5.0,28.0,Returning to stock 2-3 months,2024-01-11 07:17:58
ab0be263-7482-46d2-9e41-9ec40da64a13,bf2806b5-a71f-4dbd-8178-5fb687ca3dfb,Barnabus Pig,HUGE,17.0,7.0,55.0,Out of stock,2024-01-11 07:18:00
837810fc-4bff-4045-a36b-41ecb8253546,bf2806b5-a71f-4dbd-8178-5fb687ca3dfb,Barnabus Pig,MEDIUM,10.0,5.0,28.0,Returning to stock 2-3 months,2024-01-11 07:18:00
77e89e18-9af1-42b6-aa68-beee6f161c38,5f7fb065-719e-4721-b562-b1476e0b9e86,Bashful Koala,MEDIUM,11.0,5.0,28.0,More on the way,2024-01-11 07:18:01
35a4fe34-1933-4def-841f-aaa69bdb809b,4a5dbbc0-6731-42bf-b1db-78c8afc4c1e5,Backpack Unicorn,ONE SIZE,9.0,4.0,30.0,More on the way,2024-01-11 07:18:03
05eb8ac0-a586-4e4e-9046-7d802006522a,2b80dbec-7d9b-4a4d-ba75-4fcf0a9be6b4,Floofie Sheepdog,ONE SIZE,10.0,16.0,80.0,More on the way,2024-01-11 07:18:05
7dacc5cf-8cd7-4c47-80cb-9a8fab610190,dd888f34-81a1-4798-b85d-07f269f8b600,Magnus Manatee,ONE SIZE,6.0,14.0,50.0,More on the way,2024-01-11 07:18:06
e9070b45-e07b-46d2-a4ab-407a269251b5,df1ac681-f4ba-4444-8b4d-ecebc8ed361f,Napping Nipper Cat,ONE SIZE,4.0,6.0,25.0,More on the way,2024-01-11 07:18:08
2a440917-c345-498c-9176-8ea7a25d6100,6d795d7a-9637-451e-a041-7751eb229f48,Hibernating Penguin,ONE SIZE,5.0,5.0,22.0,More on the way,2024-01-11 07:18:10
e47bd692-bb8c-411e-a128-c57c07569916,eac1671d-b054-4557-9412-8e2b5054ce43,Little Penguin,ONE SIZE,7.0,3.0,22.0,More on the way,2024-01-11 07:18:11
9de26e08-0771-41a8-b524-468019b866dd,d33b973c-2d42-47c5-bde1-0d6f41a60c14,Merry Mouse Candy Cane,ONE SIZE,7.0,4.0,27.5,More on the way,2024-01-11 07:18:13
b9b4aa05-7fa0-4074-9754-658f99409403,258f0629-121e-4f01-be7b-9213feb7b6be,Mitzi Reindeer,LARGE,14.0,4.0,50.0,More on the way,2024-01-11 07:18:15
2caad2e6-e197-4a40-98c1-fadcf0b881a3,258f0629-121e-4f01-be7b-9213feb7b6be,Mitzi Reindeer,MEDIUM,10.0,3.0,32.5,More on the way,2024-01-11 07:18:15
d9f28390-ee15-4422-abf7-fe11c0470808,1ba8e05a-3a5f-4430-b7f5-f4962ab0ecde,Bashful Black Kitten,MEDIUM,12.0,5.0,28.0,More on the way,2024-01-11 07:18:16
75bf83f7-a6e9-456f-8470-f124e7551427,50539a36-2daa-4011-a398-47bb23615d33,Bashful Snow Tiger,REALLY BIG,26.0,12.0,125.0,Out of stock,2024-01-11 07:18:19
ceccd4bc-f7dc-4385-bdae-6400aa97adfe,50539a36-2daa-4011-a398-47bb23615d33,Bashful Snow Tiger,HUGE,20.0,8.0,80.0,Out of stock,2024-01-11 07:18:19
63528d90-8ba5-42d6-9f35-7b1a1812ed51,50539a36-2daa-4011-a398-47bb23615d33,Bashful Snow Tiger,MEDIUM,12.0,5.0,28.0,Returning to stock next week,2024-01-11 07:18:19
23ee8e5f-c762-45ca-9e81-9430c26bd211,0457331d-5cd9-483d-b475-7edc5b52c1cd,Birdling Blue Jay,ONE SIZE,4.0,3.0,17.0,More on the way,2024-01-11 07:18:20
b761eac7-a042-42ab-898c-fbe344adaa17,d5512a01-8bfb-432a-bd42-ef1ce11644e7,Birdling Mallard,ONE SIZE,4.0,3.0,17.0,More on the way,2024-01-11 07:18:22
835bfc0f-1af0-49a2-8da7-d08f2da76cb1,c8910f46-e4cf-4e99-8e31-8c2ba0672aed,Birdling Pigeon,ONE SIZE,4.0,3.0,17.0,More on the way,2024-01-11 07:18:23
62d6274e-b9dc-4a58-8146-0bd905df7c16,69a8b201-70b0-436c-9b4a-68f630fef0bf,My Dad and Me Book,ONE SIZE,8.0,8.0,15.0,Returning to stock 3-4 weeks,2024-01-11 07:18:25
954109e4-8bd4-4b08-af29-11c166c53e14,17a4f0ef-43c4-4116-a8bc-044710640a2e,Backpack Elephant,ONE SIZE,9.0,4.0,30.0,Returning to stock 2-3 months,2024-01-11 07:18:27
b050eaa1-5748-4140-9f79-fcda890e4859,cf1fb69a-bcb9-4fe4-8be1-ab0429beeebe,Bruce Bush Baby,ONE SIZE,7.0,5.0,27.5,More on the way,2024-01-11 07:18:28
5f9da188-d7c0-4788-9a4d-e01d86835815,90292afa-4972-4a8a-b3c7-54733088669d,Curvie Sheep Dog,ONE SIZE,9.0,6.0,33.0,More on the way,2024-01-11 07:18:30
1a559ab1-1ada-4bed-9772-380890d02ad5,5b2b617b-5d42-4614-89ca-c27e855fa13e,Flumpie Frog,ONE SIZE,7.0,5.0,28.0,More on the way,2024-01-11 07:18:32
59fb8afa-2963-49f5-88d6-89c800bb1169,155eb2d0-e84b-4e16-9a66-fdf02fcfcadf,Huggady Panda,LARGE,13.0,7.0,67.5,Out of stock,2024-01-11 07:18:34
5d11135f-b097-4ea0-beda-5df85294cbe4,155eb2d0-e84b-4e16-9a66-fdf02fcfcadf,Huggady Panda,MEDIUM,9.0,5.0,30.0,More on the way,2024-01-11 07:18:34
2bdf5580-8e4a-4974-a887-f0877f13dcb9,9fc7e29c-f730-4d82-924d-d5874e929c4d,Bashful Snow Tiger with Personalised Cream Jumper,MEDIUM,12.0,5.0,38.0,Returning to stock next week,2024-01-11 07:18:35
c7a47fb9-645a-4640-8bde-4ab43bcbd06d,785c0958-a23d-4b90-8d9a-fc41a1da2e4d,Bashful Snow Tiger with Personalised Navy Jumper,MEDIUM,12.0,5.0,38.0,Returning to stock next week,2024-01-11 07:18:38
76eae03d-c29b-427c-b5dc-7a67e2312157,250a061a-07a8-430f-a53a-70a297da77ed,Bashful Snow Tiger with Personalised Red Jumper,MEDIUM,12.0,5.0,38.0,Returning to stock next week,2024-01-11 07:18:40
ae7f3182-0933-464e-b4ce-5f457e77d76f,4f115fb4-bb9e-43f7-acad-1dc1a7b2778e,Kitten Caboodle Ginger,ONE SIZE,4.0,4.0,20.0,More on the way,2024-01-11 07:18:41
012ab29b-accf-4f1c-8c41-510e6fe86533,09966df9-7423-4b86-91a1-4943324036ae,Little Frog,ONE SIZE,7.0,4.0,22.0,More on the way,2024-01-11 07:18:43
616899f2-8d73-4206-b149-ffba474cee4e,a78439da-cdfc-45e2-b12e-eb3372007d03,Munro Scottie Dog,HUGE,17.0,9.0,75.0,Out of stock,2024-01-11 07:18:45
72adc6a4-7b85-4995-8a61-fafc8f2055ef,a78439da-cdfc-45e2-b12e-eb3372007d03,Munro Scottie Dog,MEDIUM,9.0,5.0,30.0,Returning to stock 2-3 months,2024-01-11 07:18:45
0627e6cb-068e-47f9-8f3f-2783d51f4b73,2cf77804-4c50-4742-ba7c-8fada898a8b8,Pacey Pufferfish,ONE SIZE,6.0,9.0,33.0,Returning to stock 2-3 months,2024-01-11 07:18:46
